3398 5426
552 417 555 424 ¹
611 439 632 496 1.
650 383 865 501 mathematica
1344 434 1407 508 193

3 647 4 650 ¹
157 621 186 679 8.
211 619 288 694 Ergo
311 635 370 679 non
393 620 475 682 solae
499 619 574 682 duae
597 621 765 700 superficias
788 623 937 682 sniticiunt
952 619 990 681 ad
1012 620 1188 698 positionem
1211 619 1410 681 nostribexa·

3 769 4 784 ,
64 704 126 782 edri,
149 709 222 783 quia
244 715 385 783 quaterna
407 716 520 768 tantum
542 713 573 770 in
596 709 710 770 duabus
733 711 941 788 superficiebus
964 717 1149 786 ponerentur.

159 801 189 856 9.
213 795 337 854 Duabus
360 796 444 856 lincis
467 797 616 874 parallelis
638 801 753 875 positis,
776 801 894 876 ponitur
917 795 1156 874 quadrilaterum.

158 888 209 941 10.
233 883 357 942 Duabus
380 885 588 961 superficiebus
612 885 815 962 quadrilateris
838 903 896 946 non
916 886 1154 946 concurrentibus
1176 884 1289 960 positis,
1313 883 1355 945 sic
1378 890 1411 944 nt

3 999 6 1030 ι
62 965 147 1028 latera
170 970 289 1046 singula
311 973 397 1030 unius
420 973 543 1049 singulis
565 973 685 1033 alterius
708 977 766 1033 sint
788 973 937 1052 parallelo,
962 976 1079 1051 ponitur
1102 970 1278 1033 heroe'drou.

159 1063 210 1118 11.
234 1057 266 1116 Si
288 1057 455 1135 superficies
478 1063 596 1138 insuper
617 1061 775 1139 parallelae
797 1061 912 1137 inerint,
937 1069 1020 1120 erunt
1043 1059 1212 1121 absimiles.

3 1207 5 1212 ,
157 1150 207 1204 12.
231 1145 356 1205 Duabus
380 1148 589 1224 superficiebus
613 1147 817 1225 quadrilateris
840 1168 899 1209 non
923 1150 1160 1210 concurrentibus
1176 1149 1289 1224 positis,
1313 1149 1356 1206 sic
1377 1154 1411 1207 nt

3 1263 6 1292 ι
62 1231 125 1288 bina
146 1235 285 1309 opposita
307 1234 399 1294 latera
423 1238 507 1294 unius
525 1238 599 1295 biuis
616 1237 757 1313 oppositis
773 1237 893 1297 alterius
909 1238 1016 1296 luerint
1037 1236 1188 1313 parallelo,
1211 1234 1324 1311 reliqua
1340 1235 1410 1294 bina

61 1321 193 1393 opposita
223 1322 309 1380 unius
344 1339 409 1382 curn
439 1323 515 1383 birris
544 1328 686 1400 oppositis
715 1324 834 1385 alterius
863 1327 893 1384 in
927 1325 1004 1384 binis
1036 1323 1255 1401 superficiebus,
1290 1323 1409 1399 ponitur

61 1404 232 1468 1111111111.

158 1501 210 1556 13.
235 1494 461 1557 Generalissimc
485 1497 513 1555 in
538 1501 616 1558 omni
638 1497 785 1559 hexa'e'dro
810 1497 1006 1576 quadrilatero
1029 1498 1116 1558 binae
1131 1495 1299 1574 superficies
1315 1512 1411 1575 oppo-

3 1597 5 1648 3
60 1581 128 1639 sitae
158 1591 228 1641 sunt
255 1582 378 1643 laterum
406 1585 693 1662 correspondentiam
723 1587 769 1646 vel
794 1585 1013 1663 parallelorum,
1043 1585 1091 1647 rel
1113 1588 1356 1659 concurrentium,
1384 1587 1410 1644 si

3 1693 4 1696 ¹
60 1667 261 1742 producantur.
298 1671 372 1730 Na‘m
396 1674 421 1731 si
437 1682 617 1747 concurrunt,
642 1683 844 1750 argumentum
866 1682 918 1750 est,
941 1674 1027 1733 binas
1048 1673 1142 1733 lineas
1165 1675 1194 1732 iu
1218 1671 1322 1734 eodem
1345 1689 1411 1733 esse
1437 1713 1439 1720 ·

60 1754 153 1831 plano.
202 1759 250 1816 Fit
273 1761 349 1818 enim
372 1777 407 1818 ex
431 1760 626 1836 quadrilatera
649 1763 836 1838 triangulum.

3 1837 4 1844 '
157 1849 208 1904 14.
232 1845 265 1905 Si
288 1849 486 1924 oppositarum
509 1849 725 1926 superficierum
741 1850 810 1910 bina
830 1848 922 1909 latera
941 1855 1025 1910 crunt
1044 1845 1195 1927 parallelo,
1219 1854 1249 1907 et
1272 1849 1409 1926 opposita

61 1929 126 1990 bina
147 1933 291 2009 parallela
313 1951 378 1993 esse
401 1953 520 1995 necesse
544 1944 598 1999 est.

158 2025 209 2080 15.
234 2021 357 2080 Duabus
380 2023 588 2100 superficiebus
615 2023 706 2084 latere
733 2041 791 2083 uuo
822 2025 967 2084 communi
997 2023 1101 2102 positis
1124 2021 1268 2100 (intellige
1295 2039 1409 2099 semper

3 2129 5 2144 ÷
61 2107 87 2163 irr
108 2116 186 2167 certa
208 2109 397 2170 inclinatione
414 2107 602 2190 seiungam),
628 2111 702 2172 duae
726 2111 843 2188 quidem
858 2113 994 2189 planities
1010 2111 1086 2170 aliae
1102 2099 1258 2187 ponuntur,
1282 2118 1313 2169 at
1334 2112 1409 2170 resi-

3 2185 5 2258 ῗ
61 2192 180 2253 duarum
205 2195 327 2255 duarum
350 2197 534 2274 planitierum
558 2199 631 2258 nibil
654 2201 709 2258 nisi
732 2201 845 2258 termini
869 2199 997 2258 alterutri
1019 2207 1175 2275 ponuntur.

3 2277 5 2356 Ῐ
95 2299 101 2312 ·
157 2289 209 2345 16.
231 2283 338 2344 Tribus
354 2285 558 2362 quadrilateris
575 2287 782 2364 superficiebus
797 2289 878 2346 trinis
894 2288 1095 2346 communibus
1112 2286 1262 2359 lateribus,
1284 2284 1341 2344 lroo
1365 2289 1410 2346 est

61 2367 95 2427 ad
123 2371 263 2449 angulum
294 2373 419 2432 solidum
453 2377 639 2450 coeuntibus,
669 2377 790 2452 positis,
823 2381 881 2435 tres
911 2375 1040 2452 reliquae
1070 2373 1144 2434 liunt
1173 2373 1357 2433 necessariae
1379 2377 1409 2431 11

60 2454 221 2518 bera'e'dron
245 2462 334 2535 igitur
354 2463 480 2537 ponitur.

157 2551 208 2605 17.
231 2545 466 2622 Quadrilaterum
489 2557 614 2625 quatuor
636 2549 727 2610 habet
749 2546 873 2624 angulos
897 2556 1023 2626 quatuor
1044 2547 1129 2609 rectis
1153 2545 1304 2624 aequales.

155 2639 207 2694 18.
232 2633 464 2709 Quadrilatcrum
488 2639 515 2694 in
540 2636 646 2696 circulo
670 2639 753 2696 binos
777 2637 928 2714 oppositos
952 2638 1027 2697 binis
1049 2638 1135 2695 rectis
1150 2635 1240 2695 habet
1256 2631 1406 2710 aequales.

159 2727 209 2780 19.
234 2718 477 2798 Quadrilaterum,
500 2726 576 2784 binis
600 2725 715 2802 angulis
732 2727 875 2800 oppositis
891 2727 985 2798 rectis,
1010 2721 1116 2784 circulo
1140 2731 1184 2782 est
1206 2721 1406 2798 inscriptibile.

158 2814 210 2867 20.
235 2807 479 2886 Quadrilaterum,
504 2812 610 2871 circulo
627 2812 824 2890 irrscriptibile,
840 2811 929 2892 globo
946 2811 1131 2888 undicunque
1148 2818 1192 2870 111
1207 2807 1407 2886 inscriptibile.

156 2901 208 2954 21.
233 2896 279 2953 An
303 2895 468 2957 bexaiidron
484 2897 524 2972 id,
549 2901 632 2974 cnjus
656 2903 712 2960 tria
732 2900 830 2976 plana,
854 2917 943 2959 unum
959 2899 1099 2975 angulum
1115 2895 1297 2970 1111111111,
1323 2897 1407 2955 binos

62 2985 211 3055 oppositos
234 2986 327 3044 etsie
351 2992 517 3046 1111111111
541 2986 664 3060 babent,
693 2987 756 3063 ejus
780 2994 808 3046 et
832 2991 887 3046 tria
910 2987 1022 3063 reliqua
1043 2987 1150 3063 plana,
1174 2983 1314 3061 angulum
1336 2983 1409 3042 soli-

60 3067 122 3126 dum
138 3072 306 3146 oppositum
328 3071 504 3146 claudentia,
527 3073 612 3132 binos
629 3077 789 3150 oppositos,
813 3076 920 3151 quibus
943 3081 1121 3150 congruunt,
1145 3081 1239 3133 rectos
1254 3068 1408 3130 babeant?

155 3164 207 3217 22.
232 3159 277 3216 An
294 3159 460 3219 1111111111
478 3162 517 3233 id,
542 3159 625 3238 cujus
640 3177 715 3222 unus
732 3162 856 3238 angulus
874 3163 966 3222 tribus
983 3159 1155 3238 aequalibus
1171 3168 1286 3220 constat
1306 3159 1408 3218 lateri·

58 3243 117 3318 bus,
140 3245 216 3304 alter
238 3249 327 3306 ctiam
349 3251 501 3326 oppositus
522 3251 615 3307 tribus
639 3248 810 3326 aequalibus
835 3247 971 3309 constet?

3 3331 5 3337 “
155 3339 209 3394 23.
234 3333 279 3391 111
303 3335 484 3411 1111111111,
515 3345 626 3414 septem
650 3337 764 3412 angulis
787 3336 929 3415 sphaerae
951 3336 1156 3414 inscriptibile,
1187 3340 1293 3397 111111
1319 3334 1408 3393 ctiam

60 3421 95 3477 11
116 3421 330 3500 inscriptione?
1410 3411 1419 3427 “

3 3513 4 3516 ’
156 3515 209 3568 24.
234 3508 280 3568 An
302 3509 440 3570 hexaiidri
474 3512 566 3571 omnis
596 3509 784 3587 quadrilateri
810 3509 952 3590 sphaerae
975 3508 1173 3589 inscriptibilis
1196 3509 1258 3570 bini
1281 3508 1409 3586 oppositi

63 3597 158 3671 anguli
183 3598 260 3656 binis
283 3601 368 3658 rectis
392 3597 493 3657 solidis
516 3601 574 3658 siut
597 3598 759 3676 aequales?

155 3689 208 3744 25.
232 3685 305 3743 Cum
330 3685 387 3744 duo
410 3686 514 3762 plana,
545 3687 652 3764 angulo
682 3696 761 3746 recto
786 3688 963 3760 constantia,
992 3686 1083 3745 latere
1116 3702 1173 3744 uno
1197 3687 1273 3744 circa
1296 3689 1408 3746 rectum
1481 3700 1485 3709 '

3 3821 4 3824 ,
59 3773 177 3845 coiiunt,
207 3771 326 3847 planum
349 3777 475 3845 tertium,
511 3771 625 3833 duobus
648 3777 709 3832 suis
731 3773 872 3834 lateribus
896 3774 1010 3834 duobus
1033 3773 1157 3834 residuis
1181 3776 1309 3850 priorum
1332 3775 1409 3832 circa

3 3887 5 3916 ι
59 3865 164 3917 rectum
190 3869 371 3936 coaptatam,
396 3863 490 3939 primo
514 3869 650 3937 coaptato
673 3861 952 3938 perpendiculariter
975 3863 1177 3922 substernitur.

157 3953 209 4006 26.
232 3947 408 4008 Η111111111
437 3948 481 4020 id,
514 3949 597 4025 cujus
625 3951 680 4008 tria
702 3950 805 4027 plana,
837 3966 926 4008 unum
949 3948 1088 4026 angulum
1113 3947 1295 4022 claudentia,
1323 3945 1407 4006 binos

3 4095 5 4104 Ι
59 4036 208 4109 oppositos
230 4043 259 4094 et
282 4037 323 4094 sic
346 4053 398 4094 sex
421 4044 516 4096 rectos
540 4036 664 4109 babent,
697 4038 759 4114 ejus
789 4039 875 4096 trium
898 4038 1079 4097 residuorum
1100 4035 1254 4114 planorum
1279 4036 1408 4111 diagonii

3 4115 4 4176 3
59 4134 119 4177 curn
143 4125 340 4182 commissuris
362 4123 485 4183 laterum
509 4127 584 4186 circa
605 4131 715 4184 rectum
738 4127 896 4202 primorum
918 4123 1071 4201 planorum
1094 4128 1274 4184 constituunt
1296 4131 1408 4183 rectum
1498 4125 1503 4138 '

3 4221 4 4272 1
59 4209 206 4284 angulum.
1044 4217 1046 4221 ’

3 4303 4 4368 j
159 4303 212 4356 21.
235 4295 411 4358 Hexaiidron
435 4297 473 4371 id,
499 4297 581 4374 cujus
604 4315 679 4357 unus
702 4294 828 4376 angulus
852 4300 944 4359 tribus
967 4299 1142 4375 aequalibus
1166 4305 1281 4358 1111111
1302 4297 1405 4357 111111-

3 4377 4 4444 ἷ
58 4380 123 4456 bus,
154 4403 208 4445 seu
239 4387 437 4444 commissuris
466 4387 551 4445 trium
582 4385 735 4462 planorum
766 4387 895 4464 angulis,
925 4387 963 4445 ad
987 4391 1190 4449 commissuras
1213 4389 1313 4462 rectis,
1342 4385 1406 4460 ejus

59 4469 173 4532 residua
196 4473 252 4531 tria
275 4471 372 4549 plana,
397 4475 540 4548 diagoniis
563 4473 592 4532 ln
618 4477 784 4552 oppositum
808 4473 934 4533 solidum
959 4477 1145 4549 coeuntibus,
1170 4473 1307 4551 aequalia
1328 4480 1406 4534 sunt.

156 4567 208 4620 28.
231 4557 325 4622 Omne
348 4561 513 4620 1111111111
537 4570 583 4621 111
604 4562 746 4640 sphaerae
769 4561 969 4640 inscriptibile.

157 4653 208 4709 29.
231 4645 301 4706 'Pria
324 4647 519 4724 quadrilatera
542 4649 579 4708 ad
603 4649 727 4708 solidum
751 4653 894 4722 coeuntia,
918 4654 1004 4714 rectis
1026 4649 1063 4711 ad
1087 4648 1292 4708 commissuras
1311 4661 1407 4724 angu-

3 4735 4 4738 ’
58 4731 100 4808 lis,
123 4745 191 4795 sunt
215 4735 308 4796 eidem
333 4735 440 4796 circulo
464 4737 679 4815 inscriptibilis,
704 4737 751 4796 cui
773 4739 920 4818 triangula
943 4755 997 4800 sua
1021 4739 1159 4798 connexis
1181 4737 1268 4797 rectis
1291 4733 1407 4813 angulis

3 4883 5 4900 ‚
58 4822 260 4883 inscribuntur.

3 4917 5 4984 ,
106 4925 202 4978 11111111
215 4924 364 4980 01111111.
1163 4925 1199 4984 13
