3436 5416
231 447 245 467 ,
312 397 355 471 96
825 397 988 459 Plutarchus
1007 399 1042 458 do
1059 399 1140 460 Facie

313 579 381 640 dum
403 578 501 640 adhue
522 580 551 637 iu
567 575 693 658 (terrore
708 595 821 640 sommo
838 578 938 659 inque)
960 589 1041 642 motu
1064 583 1262 657 cooperationis
1286 585 1337 642 atr
1358 589 1500 660 uersatur,
1522 583 1561 645 ob
1581 583 1653 644 leri·

241 709 244 713 -
311 677 401 728 tatem
425 665 782 744 effugit-coagulationem
805 675 835 728 et
857 668 1112 729 condennationem
1136 670 1231 729 istam.
1275 669 1341 730 Nisi
1363 670 1446 748 torte,
1468 690 1520 750 per
1542 671 1653 745 dorem,

313 756 370 815 hoc
393 754 533 828 dicamus,
557 752 636 828 quod
658 756 733 813 sieut
755 753 856 815 Pallas
881 755 997 831 Achilli,
1021 775 1086 816 cum
1109 759 1134 815 is
1156 757 1238 816 cibos
1257 775 1315 816 non
1338 758 1511 832 admitteret,
1535 762 1653 820 nectaris

311 841 423 919 aliquid
445 849 476 901 et
498 841 661 901 ambrosiae
683 841 877 918 instillaverit,
901 845 943 904 sic
966 843 1089 918 hunam,
1112 860 1188 920 quae
1213 843 1311 904 Pallas
1335 853 1379 906 est
1402 854 1431 907 et
1445 846 1560 922 dicitur,
1583 846 1655 907 alere

312 933 390 990 uiros
420 929 503 1002 illos,
535 930 713 989 emittentem
744 929 801 989 illis
833 931 1033 1007 quotidianam
1061 932 1253 1005 ambrosiam,
1286 932 1434 1009 quomodo
1463 933 1653 1012 Pherecydes,

311 1025 396 1078 vetus
419 1016 477 1090 iilo,
500 1019 621 1090 consuit,
645 1017 725 1077 Deos
747 1021 827 1094 ipsos
849 1020 991 1079 victitare.
1020 1018 1096 1078 Nam
1112 1018 1239 1078 radicem
1254 1019 1335 1078 illam
1357 1021 1483 1081 indicam
1494 1017 1544 1098 ⁷⁹),
1569 1039 1652 1098 quam

310 1107 410 1165 scribit
432 1102 638 1180 Megasthenes
661 1121 728 1179 eos,
759 1107 895 1182 quisine
918 1106 983 1167 cibo
1013 1113 1042 1166 et
1068 1115 1141 1184 potu
1173 1105 1283 1183 degunt
1310 1107 1443 1185 adeoque
1470 1125 1519 1169 ore
1550 1115 1652 1183 carent,

267 1217 270 1231 ·
311 1195 411 1271 prunis
434 1207 533 1252 assare
555 1200 584 1250 et
606 1191 716 1266 suffire,
740 1202 772 1252 ut
786 1193 850 1269 ejus
865 1193 966 1254 nidore
981 1205 1148 1271 pascantur,
1171 1194 1255 1269 huuc,
1278 1196 1407 1272 inquam,
1431 1195 1580 1273 quomodo
1595 1199 1655 1274 quis

311 1282 352 1342 ibi
375 1283 455 1339 nasci
478 1279 589 1352 dixerit,
613 1295 680 1339 cum
701 1277 785 1339 Luna
806 1289 864 1340 nou
888 1281 1040 1358 irrigetur?

415 1365 498 1427 Haec
512 1383 577 1426 curn
592 1365 642 1424 ‘l'b
652 1385 667 1427 s
678 1383 722 1426 ou
741 1366 870 1441 dixisset,
895 1369 967 1444 Ego,
991 1365 1088 1446 (scite)
1105 1385 1175 1428 sane
1190 1375 1219 1428 et
1235 1371 1352 1430 omnino
1368 1372 1477 1448 optime
1491 1368 1653 1431 ludibundo

314 1457 439 1515 sermoni
455 1453 609 1530 supercilia
624 1451 871 1534 (accommodasti,
894 1455 1022 1536 propter)
1044 1473 1119 1532 quae
1134 1454 1241 1515 fiducia
1255 1457 1341 1517 nobis
1365 1462 1455 1517 oritur
1476 1458 1513 1518 ad
1537 1475 1655 1536 respou-

315 1541 456 1616 dendum3
485 1542 593 1618 quippe
622 1542 728 1618 quibus
750 1559 846 1619 poeua
868 1559 963 1620 neque
986 1544 1092 1602 acerba
1114 1541 1272 1603 admodum
1300 1563 1396 1621 neque
1418 1562 1523 1606 seuera
1546 1547 1586 1606 sit
1607 1563 1655 1605 ex-

312 1628 481 1707 spectanda.
517 1626 561 1688 Re
584 1645 654 1688 vera
676 1630 752 1688 enim
775 1633 813 1689 ab
837 1631 879 1700 iis,
904 1633 953 1707 qui
977 1630 1142 1690 vehementi
1164 1633 1353 1706 persuasione
1374 1633 1543 1710 hujusmodi
1566 1649 1656 1693 rerum

313 1726 380 1778 sunt
396 1717 539 1792 occupati,
563 1715 636 1773 nibil
651 1714 785 1776 differunt
806 1719 836 1790 ii,
859 1721 909 1793 qui
932 1717 1118 1778 vehementer
1140 1720 1183 1776 eie
1205 1727 1377 1780 succensent
1391 1719 1537 1797 fidemque
1562 1737 1656 1780 aarum

313 1803 494 1879 convellunt,
517 1819 703 1879 nequaquam
726 1819 795 1864 xero
818 1804 948 1865 modeste
970 1803 1006 1864 de
1028 1805 1222 1882 possibilitate
1246 1814 1275 1866 ιι
1298 1809 1494 1884 contingentia
1518 1807 1656 1886 dispicere

313 1885 475 1971 voiuntffl).
520 1889 613 1966 Igitur
635 1893 733 1950 statim
763 1892 847 1950 initio
877 1907 936 1950 nou
967 1900 1012 1951 est
1033 1895 1243 1966 necessarium,
1271 1895 1297 1952 si
1321 1894 1393 1954 nulli
1416 1895 1548 1956 homiues
1573 1895 1655 1954 habi·

312 1989 377 2041 taut
399 1981 428 2038 in
451 1979 553 2051 Luna,
577 1985 610 2036 ut
632 1995 667 2038 ea
689 1987 844 2055 propterea
865 1979 971 2039 irusba
993 1982 1031 2038 ιιι
1053 1980 1131 2039 iactu
1151 1979 1322 2057 nullumque
1344 1981 1382 2042 ad
1405 1999 1499 2042 usum.
1545 1983 1656 2042 Etenim

311 2085 349 2128 ne
371 2067 445 2127 haec
473 2065 589 2143 quidem
620 2075 720 2126 nostra
742 2065 835 2128 Terra
859 2072 921 2126 toto
952 2066 1056 2126 colitur
1085 2067 1197 2126 ambitu
1227 2067 1430 2149 habitaturae,
1460 2069 1512 2130 sed
1534 2069 1658 2146 parvola

312 2156 376 2234 ejus
398 2155 494 2232 portio
516 2162 655 2229 tanquam
683 2153 886 2230 promontoriis
914 2162 966 2213 aut
994 2153 1165 2232 peninsulis'
1184 2155 1357 2231 quibusdam
1380 2174 1416 2216 ex
1438 2157 1586 2233 profundo
1609 2175 1657 2216 ex-

311 2245 456 2303 stantibus
479 2240 670 2300 ioeoundatur
692 2243 869 2301 animantum
894 2247 923 2300 ιι
944 2241 1110 2318 plantarum
1124 2250 1277 2318 prouentu.
1308 2243 1452 2320 Reliquae
1475 2245 1540 2320 ejus
1564 2230 1659 2322 partes‘

311 2331 360 2392 vel
384 2331 516 2389 desertae
538 2327 606 2387 suut
626 2337 656 2388 ιι
678 2327 791 2388 ιιιιιιιι
812 2331 907 2405 rigore
931 2328 978 2389 sel
1001 2337 1097 2408 aestu,
1119 2328 1166 2389 vel
1190 2346 1301 2391 mersae
1323 2349 1430 2409 magun
1453 2335 1525 2391 mari
1548 2347 1659 2408 eaeque

311 2435 399 2495 quam
421 2414 573 2493 plurimae.
617 2414 664 2475 Tu
686 2432 774 2491 xero,
797 2433 861 2476 cum
885 2416 1085 2478 Aristarchum
1107 2433 1221 2493 semper
1243 2426 1273 2478 et
1294 2435 1374 2479 ames
1397 2427 1427 2481 ιι
1448 2420 1581 2494 ιιιιιιιι,
1612 2435 1659 2478 cur

312 2521 371 2564 uon
395 2501 543 2564 auscultas
566 2502 685 2576 Crateti,
709 2520 774 2563 cum
795 2502 886 2580 legis:

608 2589 754 2664 Oceanus,
778 2593 832 2668 qai
854 2593 1011 2668 terrigenis
1030 2591 1213 2651 mortalibus
1226 2599 1337 2669 ‘ortum

607 2675 826 2755 Coclitibsttque
847 2677 936 2753 dedit,
963 2677 1091 2738 Telluris
1108 2679 1250 2755 plurimu
1272 2681 1383 2739 ιιιιιιι

414 2765 455 2827 At
476 2767 601 2826 immane
615 2773 756 2841 quantum
772 2767 865 2838 abest,
888 2773 920 2824 ut
941 2764 1015 2826 haec
1036 2766 1141 2826 trustra
1156 2768 1215 2825 siut
1228 2767 1315 2827 iacta
1344 2766 1426 2827 Mare
1442 2768 1520 2827 euim
1535 2783 1661 2844 vapores

312 2855 440 2934 exspirat
461 2855 562 2927 mites,
591 2855 634 2912 sic
656 2859 807 2913 uentorum
831 2854 959 2912 omnium
987 2853 1168 2930 gratissimos
1196 2860 1309 2915 aestate
1338 2855 1554 2914 terrentissima
1578 2857 1661 2915 nives

239 2955 244 2978 ¹
310 2946 341 3003 in
364 2951 440 3002 terra
467 2956 525 3000 non
553 2940 708 3000 habitabili
735 2941 877 3017 paulatim
905 2939 1099 3016 liquescentes
1121 2941 1260 3001 exhalant
1281 2949 1311 3002 et
1333 2941 1512 3015 diffundunt,
1544 2939 1661 3019 dieique

311 3033 464 3107 noctisque
486 3033 571 3088 Terra
593 3036 747 3113 accuratus
769 3031 799 3086 iu
821 3026 919 3088 medio
943 3034 1040 3087 custos
1064 3030 1194 3088 constitit
1216 3037 1245 3089 et
1260 3029 1363 3090 artifex
1378 3029 1539 3091 secuudum
1555 3029 1661 3089 Pleto-

311 3136 387 3178 nem.
432 3110 511 3176 iiihti
534 3117 623 3192 igitur
645 3115 766 3193 impedit
788 3133 846 3192 quo
869 3117 965 3174 miuus
994 3118 1080 3175 etiam
1103 3114 1189 3175 Lun'a
1216 3117 1391 3179 animalibus
1422 3117 1542 3194 quidem
1566 3133 1662 3178 vacua

311 3209 358 3278 ιιι,
382 3211 412 3264 ιι
433 3205 572 3280 praebeat
593 3221 625 3263 se
648 3203 852 3264 reflexionibus
875 3203 992 3261 luminis
1021 3205 1129 3263 circum
1150 3221 1182 3263 se
1210 3203 1266 3263 iusi
1289 3211 1320 3264 et
1341 3206 1487 3265 confluxui
1510 3204 1662 3264 radiomm
1716 3261 1717 3264 ,

310 3291 478 3374 sideralium
500 3295 529 3350 iu
552 3308 584 3350 se
606 3292 671 3368 ipsa
694 3291 962 3368 commixtionique,
994 3297 1045 3350 aut
1063 3290 1150 3366 juvet
1171 3293 1370 3352 excoctionem
1398 3291 1621 3353 exhalationem
1645 3308 1662 3351 c

312 3380 411 3451 Terra,
435 3377 554 3456 Solique
573 3381 665 3451 (ιιιιιι
682 3387 774 3451 partes
791 3381 819 3435 in
831 3381 883 3437 hac
901 3381 1058 3438 excoctione
1075 3383 1259 3455 praecipuae),
1275 3379 1357 3456 ,quud
1373 3379 1410 3440 de
1425 3382 1461 3439 ils
1477 3386 1522 3440 est
1536 3387 1662 3439 naturae

313 3466 470 3528 admodum
492 3466 622 3526 fervidae
645 3475 674 3525 et
696 3469 884 3541 coutumacia,
907 3469 1043 3526 remittat.
1084 3466 1181 3542 Atque
1203 3466 1251 3526 hio
1272 3467 1437 3544 plusculum
1459 3469 1548 3528 etiam
1564 3467 1662 3527 lamae

311 3562 444 3616 vetustae
466 3553 680 3630 indulgebimus
697 3553 891 3631 dicemusque,
914 3553 1028 3613 Lunam
1044 3553 1168 3612 Dianam
1190 3554 1280 3614 luisse
1301 3555 1448 3630 habitam,
1470 3563 1576 3631 utpote
1601 3557 1663 3614 rir-
1716 3559 1717 3568 ³

310 3644 412 3720 -giuem
434 3639 560 3702 sterilem
584 3641 715 3718 quidem,
744 3649 775 3702 st
796 3641 920 3702 diversis
946 3641 1012 3701 aliis
1041 3640 1135 3700 modis
1158 3639 1367 3703 auxiliatricem
1391 3650 1420 3702 ιι
1442 3635 1661 3718 benignam⁸¹l

415 3729 537 3805 Deinde,
562 3727 732 3808 operabare
748 3729 859 3803 Theou,
882 3729 955 3789 nihil
979 3737 1023 3788 est
1045 3746 1081 3789 ex
1104 3730 1246 3802 omuibus,
1270 3747 1347 3806 quae
1369 3729 1423 3789 abs
1442 3739 1470 3790 te
1486 3729 1567 3790 dicta
1583 3739 1661 3804 suut,

311 3816 391 3894 quod
414 3817 599 3891 demonstret,
622 3817 831 3892 impossibilem
855 3833 918 3876 esee
941 3815 1042 3876 Lunae
1064 3816 1284 3879 habitationem.
1314 3815 1429 3894 Quippe
1445 3816 1519 3876 haee
1535 3819 1663 3894 primum

312 3907 463 3964 conversio
485 3903 602 3977 Lunae,
633 3902 755 3963 multum
779 3903 907 3964 leuitatis
930 3911 960 3964 ιι
981 3903 1201 3981 tranquillitatis
1228 3902 1356 3976 habeus,
1387 3905 1502 3982 mitigat
1524 3912 1555 3964 ct
1578 3921 1662 3963 com-

311 3991 412 4069 planet
434 3997 529 4052 uicem
552 3991 802 4068 praestolaturque
825 4009 901 4063 euru,
925 3991 993 4051 dum
1016 3997 1045 4051 et
1067 3993 1130 4066 ipse
1152 3990 1238 4050 simul
1254 3991 1493 4066 circumducatur,
1518 3997 1552 4050 ut
1568 3991 1661 4050 metui

311 4079 393 4139 lucus
416 4095 506 4155 penes
528 4095 581 4138 nos
603 4094 661 4137 uon
684 4079 730 4152 ιιι,
754 4095 790 4138 ιι
813 4081 863 4155 qui
886 4079 926 4138 ibi
949 4082 1040 4138 vitam
1063 4078 1203 4154 degerunt
1225 4077 1291 4139 inde
1309 4078 1444 4139 excidant
1460 4085 1512 4140 aut
1528 4095 1547 4136 a
1563 4077 1662 4138 domi-

313 4167 380 4227 cilio
402 4184 456 4226 suo
479 4166 622 4227 aberrent.
668 4165 781 4225 Deinde
803 4169 868 4242 ipsa
888 4183 984 4241 nequo
1007 4165 1136 4243 (incertis
1159 4173 1283 4241 vagatur
1305 4161 1447 4250 motibus)
1468 4174 1498 4226 ct
1520 4167 1581 4224 ista
1596 4183 1663 4224 mo-

311 4261 393 4314 tuum
417 4255 483 4330 ejus
505 4255 632 4313 varietas
655 4252 860 4329 oberratioque
881 4269 939 4312 nou
964 4251 1121 4329 exaliqua
1144 4252 1353 4328 inaequalitate
1377 4252 1423 4314 vel
1439 4254 1662 4331 perturbatione

313 4351 366 4416 est,
390 4341 441 4402 sed
464 4339 664 4401 admirabilem
687 4341 716 4398 in
732 4339 789 4398 illis
807 4339 935 4399 ordinem
951 4347 980 4399 ct
995 4343 1210 4400 successionem
1226 4340 1423 4400 demonstrant
1442 4335 1662 4419 astronomiiii,
1716 4363 1717 4368 ¹

313 4429 543 4490 circumferentes
573 4426 652 4486 illam
682 4427 797 4487 circulis
820 4426 1010 4503 quibusdam,
1039 4429 1088 4504 qui
1110 4443 1162 4504 per
1190 4427 1312 4488 circulos
1340 4427 1416 4487 alios
1438 4423 1662 4506 volvuntur⁸⁸l,

313 4516 362 4576 alii
386 4519 502 4594 penitus
524 4514 711 4588 immobilem,
735 4513 784 4573 alil
807 4514 1046 4589 tranquillissime
1071 4521 1099 4574 et
1115 4513 1351 4590 aequabilissime
1374 4515 1522 4575 celeritate
1546 4532 1664 4593 semper

314 4604 416 4664 eadem
439 4607 468 4662 iu
491 4605 665 4664 contrarium
689 4603 837 4662 nitentem.
882 4601 955 4661 Nam
978 4604 1052 4662 istae
1082 4601 1252 4661 circulomm
1276 4605 1304 4660 in
1328 4603 1403 4662 alios
1433 4605 1611 4663 insertiones
1634 4609 1664 4662 et

312 4691 571 4753 circumductiones
593 4689 934 4766 habitudinesque-inter
950 4707 982 4750 sc
1004 4695 1106 4749 mutuo
1129 4695 1158 4748 et
1173 4689 1211 4749 ad
1233 4706 1286 4750 nos
1308 4690 1363 4750 has
1385 4691 1466 4767 ipsas
1489 4689 1664 4751 altitudines

314 4787 342 4837 et
364 4778 556 4852 humilitates,
588 4792 664 4855 quae
686 4776 771 4837 uobis
794 4783 949 4854 apparent,
977 4775 1224 4854 latitudinemque
1249 4779 1479 4854 permutationes
1506 4795 1568 4838 una
1595 4795 1662 4839 cum

313 4867 559 4928 circumitionibus
582 4865 646 4945 ejus
668 4863 828 4927 secuudum
848 4863 1070 4943 longitudinem,
1092 4864 1329 4928 ιιιιιιιιοιιιιιιιι
1346 4861 1584 4945 ·exprimuut⁸⁴).
1626 4865 1663 4924 iit
