3478 5424
285 425 328 496 '10
838 421 952 482 loannis
971 421 1083 520 Kepleri

285 604 410 662 abrasam
428 599 456 655 in
475 599 565 657 Albim
585 597 702 655 duent.
739 601 812 658 Sara
829 600 947 671 deniqne
964 605 1041 666 sunt,
1067 597 1131 653 olim
1149 596 1259 668 quldem
1277 597 1466 662 subterranea,
1484 596 1561 650 nunt
1577 605 1631 648 reto
1727 593 1730 632 ¹

284 690 357 740 terra
374 680 517 744 subducta,
536 688 678 748 montena,
697 695 767 749 qnae
785 680 885 735 duritie
902 693 953 736 sna
969 677 1166 748 perdurarunt,
1185 676 1264 745 gleba
1282 677 1383 734 circum
1401 674 1435 731 ob
1453 672 1634 729 iriabrlitaten
1728 673 1730 710 ¹

283 761 437 818 fatiscente.
464 759 540 814 Haec
557 773 640 814 causa
658 765 713 826 sat,
731 778 780 817 cur
796 759 824 815 lu
848 759 986 829 plerisque
1010 757 1141 816 montium
1164 755 1324 813 culminibus
1342 754 1493 810 inventatur
1511 761 1634 806 saxorum
1726 776 1728 779 .

285 839 436 910 congeries.
454 854 532 894 arces
551 835 615 892 olim
633 835 669 891 ibi
688 837 773 894 luisse
790 838 984 895 inconsiderati
1003 837 1184 893 affirmabunt.
1221 835 1296 890 Haec
1314 849 1398 889 eausa
1414 838 1464 901 est,
1484 843 1559 900 quae
1575 841 1635 885 am
1728 844 1729 857 ¹

284 920 379 978 crebra
397 933 447 990 per
465 933 577 988 campos
603 931 733 972 arenosos
751 917 863 974 silesiae
887 916 1024 986 dispersit.
1061 917 1128 970 Cum
1146 916 1216 971 enim
1234 913 1317 984 plena
1334 913 1370 967 sit
1387 920 1472 978 terra,
1496 907 1635 962 duriorum
1727 930 1729 941 ·

283 1000 402 1070 inpetus
421 1012 536 1067 maguus
554 1012 609 1051 non
627 1001 685 1066 est;
710 994 839 1054 eluuntur
856 995 939 1065 igitur
956 996 1056 1066 passim
1075 995 1150 1050 solae
1167 991 1317 1049 ralleculae
1334 1007 1384 1046 ceu
1401 990 1494 1045 fossae
1511 1001 1531 1042 a
1549 997 1635 1054 peen-

283 1079 363 1136 nibus
382 1075 593 1147 scaturiginibus
611 1074 741 1145 fontium,
764 1075 886 1145 parcitur
904 1074 1068 1146 planitiebus
1087 1071 1292 1137 elevationibus,
1316 1069 1369 1124 uisi
1387 1075 1521 1136 quantum
1544 1065 1637 1120 imbres
1728 1092 1730 1101 =

283 1147 420 1216 abradunt
445 1157 479 1212 de
498 1157 559 1226 ipsa
575 1154 721 1210 latitudine
739 1153 804 1221 agrt
841 1153 993 1209 Exbsuatis
1011 1152 1079 1215 illis.
1104 1151 1147 1207 bis
1165 1151 1302 1220 depressis
1324 1149 1408 1220 longo
1431 1147 1492 1202 aeri
1514 1145 1636 1210 decursu,
1730 1151 1731 1188 1

284 1236 458 1295 denudantur
475 1249 549 1302 saxa,
568 1248 638 1303 quae
656 1231 720 1287 olim
738 1241 810 1288 terra
826 1232 954 1301 jacebant
973 1232 1080 1288 obruta.

389 1311 462 1368 xlx.
476 1311 549 1368 ,cun
574 1325 650 1366 mens
674 1309 710 1366 sit
732 1317 826 1365 auctor
850 1309 965 1380 ordinis,
990 1327 1042 1366 nec
1068 1311 1212 1380 quicquam
1235 1307 1418 1363 inordinatum
1440 1311 1469 1360 et
1486 1301 1636 1366 contusum,
1731 1339 1732 1346 ι

287 1391 360 1464 qnod
379 1398 470 1446 mente
489 1387 649 1458 dispositum
668 1393 724 1457 est,
748 1390 801 1444 nisi
819 1389 930 1444 arbitrio
949 1405 999 1446 usa
1016 1389 1168 1461 permiserit
1186 1388 1306 1444 habenas
1324 1385 1414 1443 musis
1431 1379 1637 1440 instrumental's

285 1475 338 1530 bus
356 1486 373 1526 ι
391 1485 421 1526 se
439 1468 568 1524 diuersis:
588 1465 718 1536 sequitur,
736 1473 766 1521 ut
778 1482 818 1531 ea,
838 1483 908 1536 quae
927 1476 992 1524 suut
1008 1469 1169 1534 inordinata,
1186 1469 1215 1524 in
1232 1471 1365 1538 quantum
1376 1461 1542 1531 inordinate,
1562 1461 1639 1516 uinta

287 1559 364 1608 motu
381 1549 576 1606 elementorum
594 1554 622 1603 et
640 1547 803 1602 necessitate
819 1547 958 1604 materiae.

389 1628 450 1684 XX.
469 1625 536 1682 (ium
555 1626 639 1697 igitur
656 1625 684 1680 in
703 1625 847 1696 superlicio
865 1627 987 1698 corpods
1005 1627 1115 1697 lunaris,
1135 1633 1266 1696 quantum
1284 1622 1319 1679 ad
1336 1625 1429 1692 partes
1448 1616 1636 1684 evidentiores,

286 1706 410 1767 conlusio
434 1706 527 1774 aliqua
545 1703 742 1774 conspicietur,
765 1706 874 1774 aliquae
891 1714 984 1775 partes
1002 1707 1088 1774 altae,
1113 1707 1182 1764 aline
1200 1705 1360 1774 depressae,
1385 1699 1455 1754 aliae
1473 1693 1638 1787 aequabiles,

285 1788 355 1846 allae
373 1797 500 1856 asperae.
524 1795 636 1838 necesse
661 1791 704 1838 ιιι
721 1783 750 1838 lu
766 1783 855 1840 lunari
879 1799 993 1854 corpore
1016 1797 1077 1842 esse
1101 1785 1203 1856 aliquid
1220 1780 1356 1850 analogon
1378 1777 1480 1834 nostris
1500 1775 1639 1832 elementis

286 1879 434 1935 eorumque
460 1861 640 1932 qualitatibus
664 1860 753 1918 dictis.
789 1861 845 1918 Eas
869 1862 952 1918 liceat
969 1861 1205 1933 nobis'appellare
1228 1860 1381 1916 nominibus
1398 1858 1511 1914 iisdem:
1537 1862 1571 1912 ut
1592 1853 1643 1910 rtet

288 1949 392 2013 durum,
411 1939 527 2009 friabile,
546 1938 660 2007 andum,
679 1939 784 1996 bumor.

389 2017 464 2077 XXI.
482 2017 552 2074 Sunt
568 2017 651 2088 igitur
668 2017 791 2074 maculae
809 2018 905 2074 Lunae
928 2018 1026 2074 bumor
1048 2018 1160 2088 aliquis,
1185 2019 1233 2090 qui
1257 2035 1309 2073 sua
1331 2015 1465 2072 ιίιιιιίιιιι
1483 2020 1512 2069 ιι
1529 2010 1642 2066 mollitie

284 2105 376 2162 lumen
396 2098 467 2156 Solis
485 2096 606 2162 hebetat,
625 2097 673 2167 qul
690 2097 770 2167 lapsu
789 2097 926 2168 aequabili
944 2099 1017 2154 circa
1035 2107 1157 2154 centrum
1176 2096 1249 2167 globi
1267 2103 1397 2152 mutatur
1414 2099 1444 2148 ιι
1460 2091 1643 2148 bumilitatem

286 2190 314 2242 et
331 2176 553 2250 aequabilitatem
573 2176 744 2246 superficiei3
763 2185 828 2234 sunt
845 2185 961 2248 montes,
980 2177 1026 2248 qui
1045 2185 1073 2233 et
1089 2176 1279 2234 claritudinem
1297 2173 1393 2231 aSole
1411 2180 1555 2241 acceptam
1572 2170 1646 2226 eieci·

284 2269 341 2318 tnte
366 2266 395 2313 et
413 2255 511 2312 duritie
536 2269 587 2309 ιιιι
612 2255 685 2311 clare
710 2255 792 2312 etiam
816 2256 968 2325 reribrant,
995 2256 1041 2326 qui
1059 2255 1088 2311 iu
1105 2255 1190 2312 altum
1213 2271 1298 2325 supra
1314 2267 1448 2323 aquarum
1472 2248 1645 2320 superficiem

284 2341 438 2406 usurgunt,
457 2331 504 2402 qui
522 2338 550 2386 et
566 2331 704 2402 inaequali
722 2333 841 2402 partium
858 2333 1009 2390 elevatione
1027 2333 1198 2403 superficiem
1216 2339 1355 2402 superant.

390 2407 478 2465 xxlt.
497 2409 675 2477 Apparentia.
700 2410 776 2466 luter
787 2410 908 2467 maculas
921 2418 963 2466 est
976 2411 1114 2468 distinctio
1127 2426 1211 2467 eausa
1224 2409 1409 2475 obscuritatis,
1427 2423 1490 2464 eum
1509 2405 1569 2460 siut
1580 2402 1648 2460 aliae

286 2490 346 2548 aliia
368 2487 508 2557 nigriores.
549 2486 601 2542 Est
623 2488 695 2544 euim
713 2505 767 2544 uua
784 2487 891 2545 macule
909 2506 925 2545 ι
942 2497 1036 2546 neuun
1061 2489 1129 2546 disci
1150 2505 1245 2546 semus
1268 2487 1408 2544 meridiem
1431 2493 1553 2552 remota,
1580 2497 1647 2554 quae

285 2565 404 2642 speciem
420 2579 486 2634 prae
499 2577 530 2618 se
541 2563 594 2618 tert
606 2563 695 2636 clypei
713 2567 841 2622 austriaci
859 2575 961 2632 (satura
978 2569 1050 2624 euim
1068 2575 1112 2624 est
1127 2567 1241 2636 nigredo
1259 2583 1343 2638 snpra
1360 2573 1388 2634 et
1406 2565 1497 2633 iufra),
1515 2564 1545 2618 ln
1559 2561 1647 2618 medio

287 2661 351 2701 reru
376 2643 463 2698 divisa
481 2650 524 2698 est
547 2641 630 2700 limbo
654 2644 804 2714 aequaliter
821 2647 892 2716 lato,
916 2646 998 2716 paulo
1017 2647 1105 2703 minus
1128 2649 1246 2704 obscuro
1264 2639 1347 2715 quam
1364 2643 1501 2714 reliquum
1520 2642 1648 2712 spatium,

288 2724 377 2780 minue
395 2729 488 2778 temen
506 2719 606 2790 lucido,
625 2737 706 2792 quam
725 2733 817 2792 partes
835 2723 930 2780 Lunae
947 2723 1063 2782 lucidae.

391 2801 494 2859 xxnt.
512 2803 543 2857 ln
562 2802 642 2858 Luna
658 2802 742 2881 igitur
759 2812 852 2874 partes
871 2803 1040 2870 maculosae,
1059 2805 1113 2860 boc
1130 2809 1173 2860 est
1190 2802 1316 2873 regioms
1334 2803 1494 2868 humentes,
1519 2797 1652 2854 differunt

289 2879 418 2952 gradibus
436 2880 566 2942 humoris.
584 2887 612 2937 et
630 2891 695 2937 sunt
712 2881 782 2938 aliae
801 2884 943 2946 sicciores,
964 2884 1034 2942 aliae
1050 2884 1226 2942 humidiores.
1260 2884 1314 2940 Est
1331 2882 1414 2951 igitur
1433 2878 1539 2950 aliquid
1558 2877 1651 2933 anain·

286 2976 341 3029 gon
360 2959 461 3016 nostris
479 2956 656 3028 palustribus,
676 2959 779 3027 aliquid
798 2961 875 3030 puris
893 2963 1022 3020 maribus.
1058 2963 1104 3019 Sic
1122 2963 1193 3018 enim
1211 2963 1293 3020 ιιίιιιι
1311 2961 1339 3016 iu
1357 2959 1460 3016 nostris
1479 2955 1652 3027 palustribus

287 3045 416 3094 crescunt
434 3037 567 3106 granius,
587 3037 722 3106 mamus,
736 3037 848 3108 juncus,
865 3039 984 3110 arunde,
1001 3041 1159 3110 passimque
1177 3046 1288 3097 ιιιιιιιιι
1304 3044 1333 3094 ιι
1349 3037 1464 3107 glebae,
1488 3051 1563 3105 quae
1588 3041 1652 3091 sunt

287 3117 373 3174 durae
393 3123 420 3172 et
439 3117 526 3172 eiccte
545 3123 572 3170 et
590 3112 750 3184 albicantes,
770 3133 841 3187 quae
860 3118 960 3174 clarius
978 3120 1116 3176 reribrant
1134 3119 1205 3175 Solis
1223 3119 1324 3176 radios.

391 3192 492 3249 XXIV.
510 3195 685 3265 Appareutia
723 3194 833 3265 Species
851 3196 1032 3267 macularum,
1056 3198 1128 3254 circa
1152 3198 1250 3253 tineam
1268 3195 1426 3252 bisentionis
1444 3194 1652 3262 collocatarum,

288 3287 338 3344 per
355 3271 489 3342 dioptram
508 3271 637 3342 optimam
662 3271 775 3329 offertur
793 3272 871 3330 oculu
890 3274 965 3331 baud
983 3275 1113 3332 absimilis
1137 3276 1219 3331 faciei
1236 3273 1327 3346 pueri,
1346 3272 1457 3328 rariolie
1479 3270 1652 3327 deformatae

287 3349 316 3406 in
340 3348 425 3406 altum
450 3349 705 3419 protuberantibus,
732 3349 866 3419 siquidem
892 3352 963 3408 banc
987 3351 1084 3408 laniem
1108 3353 1245 3422 turgidam
1266 3353 1386 3409 illustret
1408 3352 1501 3408 lumen
1528 3349 1652 3406 radiiaa

288 3427 374 3483 latere
394 3427 524 3484 alterutro
543 3427 724 3497 uenientibus,
743 3429 819 3485 verbi
837 3430 1078 3501 causaasiuistro,
1098 3440 1129 3486 ut
1147 3431 1221 3487 sitin
1234 3446 1268 3486 ea
1279 3431 1386 3502 speeies
1398 3433 1502 3501 primae
1516 3431 1651 3501 quadrae,

288 3507 419 3563 adextro
442 3521 520 3578 reru,
544 3515 575 3562 ut
599 3506 743 3564 secundae.
784 3507 861 3565 Sicut
886 3510 957 3564 enirn
982 3509 1011 3564 iu
1034 3511 1082 3565 tali
1104 3509 1175 3566 facie
1200 3510 1343 3566 tubercula
1367 3511 1534 3566 variolorum
1559 3510 1653 3564 omnia

288 3585 442 3643 marescum
459 3585 494 3640 ab
513 3584 560 3640 illo
577 3585 680 3656 latere,
703 3585 776 3656 quod
796 3593 838 3643 est
855 3603 951 3644 versus
968 3589 1072 3658 lumen,
1095 3589 1235 3662 nicetium
1253 3589 1281 3643 ln
1298 3588 1424 3658 partibus
1442 3588 1541 3643 Lunae
1557 3603 1653 3643 macn-

287 3664 354 3721 losia
373 3664 548 3721 disseminata
564 3673 713 3722 cernuntur
730 3665 850 3736 spatiola
866 3666 998 3736 rotunda,
1017 3681 1087 3736 quae
1103 3669 1193 3723 omnia
1210 3667 1245 3725 ab
1257 3682 1313 3724 uua
1324 3667 1408 3738 plaga
1425 3665 1502 3724 clara
1519 3673 1598 3736 suut,
1616 3667 1653 3720 ab

289 3744 416 3815 opposita
433 3743 567 3800 umbrosa.

392 3823 476 3878 xxi.
496 3821 601 3892 Quodsi
619 3824 701 3878 etiam
720 3821 754 3879 ed
773 3821 842 3877 baec
859 3821 978 3892 spatiola
994 3839 1029 3880 ex
1046 3823 1094 3879 ills
1108 3823 1201 3896 plaga,
1219 3839 1237 3881 ι,
1253 3839 1309 3896 qua
1327 3823 1498 3892 clarescunt,
1519 3822 1595 3879 Solis
1613 3822 1654 3877 ln·

288 3918 351 3958 men
369 3901 549 3967 allaberetur,
575 3898 793 3958 concludendum
818 3906 904 3968 esset,
928 3914 991 3956 rere
1014 3907 1056 3958 tot
1079 3915 1140 3959 esse
1157 3903 1186 3958 in
1203 3902 1283 3958 Luna
1306 3901 1464 3971 tubercula,
1492 3907 1562 3971 quet
1587 3905 1657 3956 snut
1734 3973 1735 3976 Ἴ

289 3979 446 4048 bnjusmodi
463 3978 586 4048 ueniae,
605 3993 676 4049 tuae
693 3978 721 4032 in
740 3977 825 4032 altum
843 3977 929 4033 ardua
947 3978 1039 4035 lumen
1057 3979 1129 4036 Solis
1147 3980 1285 4051 excipiant
1301 3981 1507 4052 projiciantque
1526 3979 1655 4036 umbram
1733 4003 1735 4048 f

289 4057 318 4112 iu
336 4057 444 4127 plagam
463 4073 480 4112 ι
497 4057 561 4113 Sole
579 4072 710 4113 aversam.
747 4057 801 4114 sed
819 4058 883 4127 quia
901 4059 1067 4116 conbanem
1086 4058 1229 4126 emimus,
1248 4065 1340 4131 partes
1359 4073 1397 4115 sc.
1410 4058 1568 4116 areolarum
1580 4057 1655 4127 illas,
1734 4127 1735 4130 Ἴ

290 4150 360 4207 quse
379 4141 443 4191 sunt
459 4151 553 4191 sersus
566 4134 665 4205 Solem,
684 4135 868 4204 obumbratas,
887 4145 1056 4206 perterrere
1074 4139 1102 4194 in
1120 4139 1262 4196 adversam
1275 4139 1347 4196 Solis
1365 4139 1478 4210 plagam
1496 4147 1656 4210 vergentes,
1733 4133 1735 4148 ²

288 4214 412 4272 lucidas:
430 4215 566 4271 contraria
584 4215 666 4270 etiam
683 4217 768 4286 priori
785 4215 874 4284 figura
891 4216 1036 4272 tribuenda
1053 4225 1096 4274 est
1113 4218 1168 4273 illis
1180 4218 1314 4289 spatiolis,
1333 4226 1366 4276 nt
1383 4233 1437 4274 non
1457 4224 1610 4289 assurgant
1627 4217 1658 4272 in

290 4291 446 4361 colliculus,
471 4291 520 4348 sed
539 4291 669 4362 depressa
687 4293 787 4349 sintin
806 4293 939 4349 ιιιίιιιιι
956 4293 1096 4352 rotundas.
1133 4295 1178 4352 Sic
1195 4295 1267 4352 enim
1284 4295 1330 4366 tt,
1354 4302 1386 4351 ut
1407 4297 1509 4353 limbus
1527 4297 1589 4352 Soli
1608 4296 1658 4354 ob·

289 4387 384 4430 remus
401 4372 525 4428 umbram
543 4387 619 4428 suam
632 4372 760 4441 projiciat
775 4375 803 4428 in
821 4370 934 4428 fundum
952 4372 1084 4442 tenutis,
1101 4373 1203 4430 limbus
1221 4390 1285 4430 vero
1304 4375 1458 4444 oppositus,
1469 4374 1541 4430 Solis
1558 4375 1659 4432 radius

292 4451 456 4508 rectioribus
474 4449 582 4520 angulis
599 4451 747 4520 excipiens,
767 4451 899 4506 clarescat
916 4451 1008 4518 magis.

398 4529 499 4587 XXVI.
517 4527 643 4586 emona.
673 4527 717 4584 Ea
734 4544 805 4600 quae
823 4535 888 4585 sunt
904 4527 1035 4598 ordinata,
1053 4530 1077 4585 si
1095 4528 1197 4586 ordinis
1214 4547 1300 4588 causa
1317 4531 1418 4588 deduci
1435 4532 1532 4602 nequit
1545 4547 1563 4586 a
1575 4538 1659 4588 motu

290 4609 488 4668 elementorum
509 4613 559 4662 aut
575 4621 593 4659 a
610 4608 775 4662 necessitate
796 4607 939 4676 ιιιιιιιίιι,
962 4607 1040 4663 valde
1063 4605 1204 4678 probabile
1226 4616 1283 4682 eat,
1308 4625 1370 4668 esse
1388 4610 1423 4665 ab
1447 4610 1543 4681 aliqua
1566 4627 1659 4668 cauea

290 4689 389 4745 ιιιιιιίι
406 4691 542 4756 compote.
577 4682 693 4740 Axioma
715 4681 907 4741 declarandum
925 4691 967 4740 est
985 4684 1126 4755 exemplis.
1162 4685 1249 4743 Linea
1265 4696 1342 4744 reeta
1365 4696 1410 4744 est
1427 4688 1588 4744 ordinatum
1607 4689 1660 4760 ali,-

293 4764 365 4836 guid,
383 4764 482 4836 globus
500 4763 659 4834 plumbeus,
676 4764 791 4820 emisam
809 4779 824 4819 e
843 4763 975 4834 sclopeto,
998 4764 1085 4818 fertur
1102 4764 1130 4818 in
1147 4764 1220 4821 linea
1236 4774 1319 4824 reeta
1355 4767 1409 4824 Hie
1426 4776 1517 4823 motus
1533 4783 1596 4824 non
1616 4775 1662 4826 est

293 4859 311 4902 ι
327 4851 418 4902 meets
435 4841 533 4916 aliqua
552 4841 602 4900 sed
618 4842 810 4900 ιιιιιιιίιιιι
828 4842 969 4900 materiali
994 4843 1112 4900 Materia
1127 4843 1199 4902 antu
1216 4846 1320 4906 niueae
1339 4846 1461 4920 pulsans
1479 4846 1658 4906 bombardici
