3478 5424
546 476 548 483 ,
624 428 742 491 inorbo
759 427 864 492 Lunae.
1100 437 1103 445 “
1137 499 1139 504 ,
1371 419 1413 503 81
1492 381 1495 388 Ξ

15 603 17 660 ἶ
75 617 212 672 enatura
243 611 300 671 sibi
329 611 468 671 tributum
496 611 607 688 locum,
638 619 742 692 utpote
763 613 860 690 ipsum
882 610 1019 673 medium.
1063 608 1121 672 Hic
1144 613 1220 672 enim
1250 617 1309 686 est,
1339 611 1417 672 circa

15 723 17 778 j
74 715 152 776 quem
176 699 276 758 omnia
298 698 428 777 pondera
451 707 551 760 contra
572 703 604 761 se
626 710 729 761 mutuo
750 703 882 762 nituntur
895 701 1049 778 gravitatis
1063 700 1216 759 momentis
1232 707 1261 760 et
1276 697 1313 758 ad
1329 716 1417 775 quem

15 797 17 850 ἑ
74 786 197 846 teruntur
219 794 250 846 et
272 787 421 846 confluunt
444 785 495 846 illa
517 786 720 866 undequaque.
765 787 806 848 At
827 805 954 865 superna
975 789 1056 864 regio
1080 789 1187 862 omnis,
1212 789 1268 847 etsi
1289 793 1417 847 terreum

15 891 16 932 ι
72 871 176 949 aliquid
192 874 314 950 recipiat
328 890 442 934 sursum
458 891 621 951 excussum,
641 877 743 936 statim
758 875 850 951 elidit,
861 875 919 937 huc
934 875 1083 951 rejectum,
1107 891 1159 934 sen
1173 876 1272 952 potius
1286 871 1416 951 (limittit,

75 969 103 1020 ut
122 959 150 1020 id
174 961 299 1038 propriis
320 963 473 1039 paritatis
497 965 651 1023 momentis
674 980 709 1024 eo
732 961 884 1038 deleratur,
909 980 1047 1041 quorsum
1068 969 1174 1021 natura
1196 963 1298 1038 vergit.

15 1055 17 1106 ἰ
73 1047 115 1107 Ad
142 1048 217 1109 baec
239 1049 319 1124 Ego,
350 1066 416 1109 cum
442 1048 534 1111 Lucio
564 1068 676 1111 moram
704 1051 884 1128 suppeditari
914 1049 1021 1111 sellem
1050 1049 1089 1110 ad
1116 1066 1149 1109 ιι
1179 1047 1416 1126 recolligendum,

15 1147 16 1182 ι
72 1135 217 1196 ἰἰιιοιιιιιι
239 1135 393 1209 allocutus,
417 1139 483 1214 quis
505 1129 625 1216 inquunt
647 1140 831 1215 tragicorum,
856 1137 1001 1213 o'lheon,
1024 1135 1062 1199 de
1082 1136 1215 1198 modieis
1225 1135 1313 1212 dixit,
1337 1135 1416 1213 quod

15 1207 17 1238 Ξ
72 1221 211 1284 Reuedio
232 1242 342 1282 omaro
365 1223 453 1285 bilem
476 1243 620 1286 amaram
642 1225 786 1286 diluunt?

15 1307 17 1376 ἶ
169 1311 209 1371 iit
230 1309 385 1371 'l'heone
406 1311 617 1389 respondente,
649 1312 824 1390 Sophoclem
848 1329 929 1386 esse,
958 1309 1086 1372 dandum
1111 1310 1168 1372 boo
1191 1308 1266 1384 illia,
1298 1311 1419 1387 inquam

15 1413 16 1436 ι
73 1395 146 1474 Ego,
170 1415 207 1460 ex
221 1399 405 1459 necessitate.
441 1399 554 1459 Arnon
577 1407 646 1460 suut
667 1403 710 1460 sic
732 1410 762 1461 et
783 1399 950 1478 philosophi
974 1395 1127 1470 audiendi,
1151 1396 1268 1474 quando
1292 1397 1420 1457 absurda

74 1484 205 1544 absurdis
226 1484 295 1546 aliis
316 1486 392 1546 tue'ri
415 1489 555 1561 nituntur,
578 1496 608 1547 ot
629 1486 747 1566 quaudo
762 1489 805 1548 sic
818 1491 991 1564 impugnant
1005 1484 1150 1547 mirabilia
1165 1484 1287 1545 aliorum
1301 1484 1419 1563 placita,

15 1577 17 1628 ζ
73 1578 102 1630 ιιι
122 1573 179 1649 ipai
202 1571 382 1633 mirabiliora
405 1581 434 1634 ιι
455 1576 598 1653 ineptiora
621 1574 797 1653 contingant.
833 1572 874 1636 Ut
895 1575 944 1633 isti
967 1573 1085 1650 quidem
1099 1589 1183 1632 sunm
1206 1571 1288 1632 illum
1309 1581 1419 1632 motum

15 1703 16 1734 ι
74 1657 109 1717 sd
130 1659 259 1720 medinm
281 1659 439 1736 inducunt,
470 1665 499 1720 in
523 1677 582 1739 quo
608 1662 678 1740 quid
700 1661 760 1724 non
781 1669 825 1724 est
854 1659 1065 1722 absurditatis?
1097 1659 1202 1720 Nonne
1225 1662 1302 1719 enirn
1325 1678 1360 1721 ex
1383 1676 1419 1720 eo

73 1747 209 1823 sequitur,
232 1747 352 1822 Terram
375 1765 439 1819 esse
462 1749 571 1827 figurae
593 1749 751 1828 globosae,
782 1767 847 1811 oum
870 1749 922 1809 illa
944 1757 1040 1809 ιιιιιιιι
1065 1748 1174 1809 babeat
1196 1746 1418 1828 profunditates,

15 1835 18 1894 i
73 1841 181 1894 tautam
204 1835 466 1911 inaequalitatem?
502 1836 605 1898 Nonne
628 1838 783 1916 antipodas
806 1841 837 1896 iu
859 1855 895 1897 ea
916 1836 1058 1910 babitare,
1086 1837 1136 1912 qui
1159 1837 1189 1893 in
1211 1851 1320 1896 morem
1344 1843 1420 1895 tere·

15 1941 16 1948 ¹
73 1919 167 1981 diuum
192 1929 244 1982 aut
266 1925 399 1982 cimicum
429 1923 535 1984 inieras
557 1933 655 2002 partos
678 1942 790 1986 sursum
814 1929 944 2000 venant,
973 1923 1080 1984 Terrae
1102 1917 1420 1999 aumerucantas¹²ti

15 1997 21 2092 ἶ
73 2007 131 2068 Nos
154 2025 228 2069 vero
251 2009 383 2070 bominsa
405 2027 464 2070 non
486 2015 573 2072 rectis
595 2011 712 2091 augulis
735 2030 821 2090 super
844 2029 880 2072 ea
901 2011 1044 2086 incedere,
1067 2008 1118 2072 sed
1141 2010 1295 2070 inclinatos
1314 2011 1422 2069 obver-

15 2105 16 2108 ’
73 2099 136 2170 sari,
159 2096 338 2157 abuutantes
361 2099 398 2157 ab
421 2099 555 2175 invicem,
578 2099 670 2160 veluti
693 2103 744 2177 qui
766 2103 856 2160 simus
872 2097 965 2160 ebrii?
992 2099 1096 2159 Nonne
1112 2115 1224 2158 massas
1238 2097 1421 2157 millenorum

15 2183 17 2230 ἓ
72 2181 256 2258 talentorum,
280 2187 304 2244 ai
327 2201 378 2262 per
399 2187 505 2246 terreni
527 2187 607 2264 globi
630 2187 805 2264 protundum
827 2187 963 2263 terantur,
985 2193 1018 2245 ιιι
1039 2187 1162 2265 primum
1184 2187 1335 2268 attigerint
1357 2201 1420 2245 me·

73 2269 162 2344 dium,
197 2275 356 2332 consistere
377 2271 459 2333 nulia
484 2289 515 2334 re
538 2282 720 2350 occurrente,
752 2275 834 2336 nulla
855 2291 950 2352 neque
973 2271 1177 2335 sustentante?
1214 2270 1327 2349 Quodsi
1349 2270 1421 2348 quid

15 2369 17 2384 ’
69 2358 175 2434 impetn
200 2358 352 2438 delapsum
374 2362 555 2435 superauerit
576 2361 721 2436 medium,
742 2378 855 2422 rursum
879 2377 965 2423 verso
986 2369 1068 2422 motu
1095 2377 1239 2422 recurrero
1261 2357 1420 2421 identidem

15 2523 16 2528 Ξ
71 2442 226 2523 adipsum
249 2463 326 2524 rago
341 2447 446 2507 motu?
475 2447 577 2530 Nonne
600 2457 752 2526 segmenta
774 2448 810 2510 de
833 2448 965 2513 trabibus
986 2457 1099 2510 resecta
1122 2466 1158 2508 ex
1172 2457 1296 2524 utroque
1311 2447 1419 2508 Terrae

15 2561 17 2606 3
69 2528 155 2593 latere
182 2535 301 2594 omuino
323 2551 382 2593 uon
405 2521 541 2595 deorsum
564 2535 675 2612 eadere,
698 2535 750 2598 sed
773 2537 811 2597 ab
826 2539 994 2598 extrinsecis
1017 2535 1157 2596 lateribus
1172 2535 1211 2596 ad
1225 2533 1345 2595 Terram
1368 2549 1420 2594 ao-

15 2639 17 2648 ’
69 2619 160 2681 cidere
196 2622 234 2682 ab
262 2638 356 2697 caque
386 2619 517 2683 distineri
547 2632 577 2684 ιι
605 2623 707 2703 repelli
737 2627 815 2685 cirea
841 2622 968 2683 modium
998 2623 1079 2700 globi
1109 2621 1281 2700 cingulum?
1316 2623 1420 2683 Nonne

15 2725 17 2738 ²
70 2721 174 2782 aquam
201 2726 216 2770 c
238 2708 329 2769 situla
350 2710 480 2784 etiosam,
502 2711 528 2770 si
550 2711 631 2772 fluxu
646 2712 781 2772 deorsum
803 2712 912 2772 feratur
927 2719 1123 2789 punctumque
1138 2709 1266 2771 medium
1283 2711 1418 2786 attingat,

15 2795 17 2876 {
70 2795 147 2870 quod
171 2797 222 2856 isti
245 2797 356 2858 iaciunt
378 2799 592 2876 incorporeum,
625 2801 665 2859 ibi
692 2801 756 2860 sisti
778 2803 867 2877 inque
890 2800 989 2861 orbam
1012 2797 1155 2860 confluere
1179 2806 1208 2858 et
1231 2797 1419 2870 commisceri,

70 2885 143 2942 circa
163 2881 268 2960 polum
292 2883 373 2944 iilum
396 2884 591 2947 indesinenter
604 2884 738 2947 attollere
757 2905 854 2959 aquam
873 2889 1036 2945 contrariam
1055 2883 1308 2961 indesinenterque
1323 2884 1420 2944 attolli
1449 2939 1453 2953 ,

15 2955 17 3054 Ξ
69 2968 270 3044 pendentem?
306 2971 372 3031 Non
395 2974 471 3032 enim
494 2990 531 3033 ne
553 2971 628 3035 laisa
650 2973 769 3050 quidem
793 2973 970 3050 cogitatione
993 2975 1060 3048 cogi
1081 2980 1182 3050 posset
1209 2972 1332 3049 aliquis,
1359 2974 1422 3051 ipse

15 3071 17 3084 ⁵
69 3056 169 3117 ιιιιιιιιι
201 3058 302 3134 aliqua
323 3067 357 3118 ut
378 3059 530 3137 possibilie
560 3062 616 3122 sibi
648 3059 811 3138 imaginari.
855 3059 999 3119 Nimirum
1020 3060 1077 3120 boc
1100 3070 1144 3121 est
1170 3078 1284 3121 summa
1305 3062 1370 3121 imis
1393 3067 1422 3121 et

15 3171 17 3182 =
72 3144 127 3203 ima
154 3148 280 3205 summis
309 3150 408 3206 omnia
435 3149 563 3207 vicissim
592 3165 679 3210 versa
706 3165 783 3222 esse,
815 3149 886 3225 quia
913 3165 988 3225 quae
1011 3165 1105 3224 usque
1134 3147 1173 3209 ad
1195 3147 1321 3208 medium
1345 3155 1421 3231 supt,

15 3245 16 3266 ³
69 3240 237 3292 statuuntur
259 3233 358 3309 intera,
383 3251 460 3312 qnae
483 3253 554 3297 uero
576 3235 653 3296 ultra
675 3234 802 3296 medium
824 3236 951 3309 anobis,
975 3252 1088 3295 rursum
1110 3252 1226 3312 supera.
1269 3233 1373 3313 linque
1397 3237 1423 3294 si

15 3313 17 3388 Γ
70 3321 141 3396 quis,
164 3322 299 3398 patiente
314 3320 416 3396 Terra
439 3321 565 3383 medinm
587 3325 681 3401 ipsius
704 3322 872 3382 umbilicum
889 3324 1024 3382 obtinens
1047 3325 1227 3396 consisteret,
1250 3323 1275 3381 is
1291 3321 1379 3382 ιιιιιιιι
1394 3331 1424 3383 ιι

15 3475 16 3478 Ἴ
68 3415 154 3483 capnt
177 3425 296 3467 sursum
319 3418 349 3469 et
371 3366 461 3485 pedes
483 3413 553 3472 item
576 3429 690 3471 sursum
710 3410 851 3486 baberet3
875 3417 904 3470 et
926 3407 1068 3486 siquidem
1084 3409 1201 3471 effodiat
1224 3409 1320 3470 locum
1343 3409 1422 3471 ulte-

15 3555 17 3564 ,
70 3495 182 3569 riorem,
209 3497 365 3556 incurrans
388 3513 435 3570 se,
460 3495 579 3570 (huntus
601 3515 690 3576 supra
711 3495 821 3576 ipsum)
839 3504 921 3558 'esset
944 3505 973 3556 ιι
996 3495 1129 3558 deorsum
1152 3517 1170 3558 a
1192 3496 1258 3557 loco
1280 3499 1422 3575 superiori

15 3583 17 3666 ζ
69 3580 221 3643 ιιιιιιιιιιι
252 3592 362 3660 egesta.
406 3583 518 3660 Quodsi
546 3585 614 3646 bulo
645 3585 720 3646 alius
748 3585 910 3667 quispiamj
924 3587 1098 3644 contrarium
1128 3587 1284 3662 vestigium
1314 3601 1423 3665 ponere

72 3672 226 3746 cogitetur,
250 3673 401 3748 utriusque
423 3671 513 3748 pedes
535 3689 649 3733 sursum
672 3682 756 3734 erunt
778 3681 806 3733 et
829 3671 960 3732 dicentur
981 3688 1054 3733 esso.

15 3749 17 3818 ἶ
170 3755 233 3817 Tot
261 3767 464 3835 tantorumque
493 3759 684 3822 absurdorum
714 3760 883 3838 dogmatum
905 3757 949 3818 illi
978 3775 1037 3818 non
1065 3776 1114 3820 me
1139 3757 1256 3836 Jupiter
1285 3757 1421 3838 explora-

68 3845 197 3919 tionem,
229 3845 281 3905 ssd
309 3848 541 3923 praestigiatoris
573 3847 698 3924 alicujus
726 3855 899 3926 apparatum
929 3852 958 3906 et
987 3849 1169 3925 proscenium
1198 3865 1216 3907 a
1244 3853 1326 3926 tergo
1357 3865 1422 3908 oum

15 3955 16 3980 1
66 3927 200 3993 babeant
220 3933 445 4010 attrahantque,
473 3937 607 3995 incusant
630 3935 721 4010 alios,
753 3934 831 4012 quod
856 3933 968 3993 trunam
996 3941 1118 3994 terream
1145 3934 1285 3995 iacientes
1307 3952 1422 3994 sursum

67 4029 274 4081 summoveant
295 4022 396 4097 ibique
419 4021 572 4094 collocent,
596 4023 646 4082 ubi
670 4021 797 4082 medium
819 4038 878 4081 non
901 4030 954 4082 est.
999 4021 1039 4080 Αι
1062 4024 1137 4082 enim
1160 4023 1185 4080 si
1210 4039 1295 4082 omne
1318 4040 1422 4100 corpus

15 4135 17 4162 ι
67 4106 267 4190 ponderosum
290 4109 319 4166 in
349 4110 499 4185 seipsum
530 4109 678 4187 colligitur
701 4117 729 4170 et
752 4127 854 4169 versus
880 4109 1041 4184 suiipsius
1067 4107 1194 4168 medium
1217 4110 1351 4170 omnibus
1375 4111 1421 4170 ιιιι

15 4207 17 4272 3
68 4197 205 4270 partibus
227 4213 261 4255 se
284 4198 379 4272 ipsum
395 4195 593 4257 contraiulcit:
617 4197 674 4258 boc
697 4195 830 4275 equidem
853 4202 942 4273 pacto
957 4195 1056 4268 Terra,
1079 4213 1137 4256 non
1161 4198 1191 4254 in
1214 4205 1355 4275 quantum
1378 4203 1423 4257 est

15 4313 17 4350 ς
66 4283 155 4342 totius
180 4285 313 4343 uniuersi
336 4281 445 4359 medis,
470 4283 572 4344 sedin
597 4294 736 4360 quantum
761 4291 805 4345 est
825 4287 892 4362 ipsa
912 4290 1006 4342 totum
1028 4281 1153 4360 aliquid,
1178 4285 1344 4345 conciliabit
1365 4285 1422 4344 sibi

67 4377 94 4428 et
114 4369 232 4432 alliciet
253 4369 391 4448 pondera,
415 4379 449 4430 ιιι
468 4379 566 4448 partes
589 4374 634 4430 sui
658 4375 759 4449 ipsius.
789 4371 827 4431 Et
849 4379 1052 4447 argumentum
1073 4388 1177 4448 sapore
1198 4372 1285 4433 facile
1308 4373 1361 4432 erit
1384 4372 1422 4431 ab

15 4455 19 4536 J
67 4456 129 4532 ipss
160 4459 353 4536 proportione
383 4455 564 4538 vergentium
592 4475 707 4518 sursum
736 4459 785 4519 rel
808 4459 957 4533 deorsum,
987 4475 1046 4517 nou
1069 4476 1105 4519 ea
1132 4457 1197 4519 dico
1225 4459 1421 4537 proportione,

15 4541 17 4620 ξ
69 4558 143 4622 quae
168 4552 218 4605 est
240 4543 278 4605 ad
301 4544 485 4608 medietatem
508 4545 617 4618 mundi,
641 4545 692 4606 sed
716 4554 852 4624 quaeest
869 4545 1152 4607 adcommunionem
1175 4555 1204 4608 et
1219 4548 1423 4624 cognationem

69 4647 133 4691 eum
156 4631 252 4694 'I'crra
283 4649 398 4707 eorum,
430 4651 505 4711 quae
537 4632 714 4694 revelluntur
741 4635 779 4694 ab
801 4633 854 4694 iila
875 4641 1036 4711 posteaque
1065 4651 1177 4694 rursum
1206 4635 1243 4695 ad
1265 4634 1345 4692 iiiam
1369 4633 1422 4695 de-

15 4727 17 4774 ῑ
67 4719 235 4781 trabuntur.
282 4719 533 4796 Quemadmodum
562 4723 639 4781 enim
662 4719 743 4781 Sol
735 4738 765 4779 ιιι
796 4739 861 4782 ιιιι
891 4723 1034 4781 convertit
1054 4721 1228 4799 particulas,
1257 4739 1293 4782 ex
1316 4721 1422 4798 quibus

68 4807 130 4884 ipse
155 4817 290 4882 constat,
322 4809 365 4868 ιιι
388 4811 476 4869 etiam
498 4808 588 4868 Terra
610 4809 740 4886 lapidem
767 4815 907 4885 tanquam
929 4807 1016 4888 (sinui
1039 4807 1105 4889 suo)
1127 4811 1347 4870 convenientem
1370 4825 1423 4869 ex-

15 4847 17 4982 Ξ
69 4891 170 4974 reptet
195 4903 226 4956 ct
247 4897 303 4957 lert
324 4897 360 4956 ud
383 4895 475 4958 illum.
519 4894 592 4968 Inde
616 4895 691 4958 adeo
713 4913 850 4958 successu
873 4897 1011 4973 temporis
1034 4898 1131 4956 unitur
1151 4895 1193 4955 illi
1216 4897 1320 4958 borum
1334 4915 1424 4958 unum

15 5049 16 5062 Ξ
118 4999 221 5052 lepisti
233 4995 384 5048 operam.
825 4999 836 5022 ·
1201 4995 1218 5056 6
