3436 5416
17 310 104 402 (iffi,
184 360 187 363 »
298 327 363 399 148
655 321 827 383 collectanea
846 341 880 380 ex
899 321 1038 382 codicibus
1056 323 1292 386 Pullrorionsibus.

298 509 379 581 silis,
403 507 562 584 inquibus
585 513 709 584 utraque
731 504 899 582 inhaerent,
931 515 1028 568 motus
1051 515 1081 569 et
1103 511 1266 585 quantitas,
1297 506 1511 587 propemodum
1533 507 1639 584 aequali
1685 516 1692 535 ²

298 605 367 657 sunt
388 595 589 673 amplitudine.
1694 607 1695 610 ’

340 702 342 709 ·
402 683 517 756 Tertio,
541 686 586 742 sin
609 698 673 741 eum
697 679 825 741 dicemus
848 685 1088 760 praestantiorem
1110 683 1278 755 scientiam,
1310 699 1387 758 qnae
1409 681 1580 743 certioribus
1600 683 1641 737 ni·

298 774 368 831 titur
391 770 687 830 demonstrationibus
711 767 844 850 (scientia
867 772 943 830 enim
967 787 1002 830 ex
1026 769 1321 829 demonstrationibus
1346 768 1461 849 oritur),
1493 770 1642 828 rectissime

299 859 429 921 (11111111
452 860 490 917 ab
515 856 983 934 1111111111111111111111111
1007 856 1229 917 mathematicae
1258 859 1350 934 primo
1377 858 1443 916 loco
1467 855 1642 927 collocatam,

299 965 334 1008 eo
357 947 436 1024 quod
460 948 587 1004 omnium
611 945 821 1023 perfectissima
845 953 889 1003 est
912 947 1043 1004 scientia.
1089 941 1155 1003 Hoc
1185 948 1293 1023 passim
1316 944 1443 1005 inculcat
1465 942 1642 1011 Aristoteles,

299 1038 415 1112 quoties
439 1033 559 1110 aliquid,
582 1033 620 1092 ad
643 1034 830 1092 scientiarum
854 1035 982 1091 omnium
1005 1031 1205 1092 certitudinem
1228 1033 1355 1105 faciens,
1379 1051 1414 1093 ex
1438 1031 1644 1107 quantitatibus
1692 1074 1693 1077 ,

300 1126 425 1201 primum
448 1119 559 1179 desumi
583 1129 612 1179 et
635 1123 738 1180 ceteris
760 1137 853 1178 rerum
885 1121 1040 1196 generibus
1063 1119 1274 1178 accommodari
1306 1119 1386 1179 dicit.
1430 1119 1482 1178 Sic
1512 1118 1588 1178 libro
1607 1115 1643 1176 X.
1689 1109 1692 1127 “

237 1286 239 1290 .
299 1209 373 1270 Met.
397 1227 461 1286 cap.
489 1215 516 1269 1.
540 1210 666 1267 maxime
691 1223 774 1280 vero,
798 1209 900 1282 iuquit,
924 1207 1004 1283 quod
1027 1224 1179 1267 mensurae
1203 1206 1356 1282 11111111,
1380 1206 1408 1265 id
1432 1209 1558 1284 primum
1581 1205 1644 1262 Fsse

90 1351 105 1364 ,,
274 1331 275 1339 1
300 1306 345 1355 111
368 1299 396 1354 in
420 1293 552 1372 quolibet
573 1312 690 1371 genere,
714 1303 744 1353 11
766 1297 964 1372 propriissime
986 1297 1015 1352 iu
1038 1308 1213 1370 quantorum
1237 1312 1361 1371 genere,
1386 1294 1516 1354 indidem
1533 1294 1646 1352 enimet
1694 1284 1695 1288 ’

128 1377 135 1450 ,“
176 1404 180 1416 ·
226 1422 231 1442 .
300 1386 329 1442 11
353 1385 414 1444 1111
436 1400 543 1459 genera
565 1386 706 1442 manavit.
736 1381 876 1441 Mensura
898 1398 1024 1459 namque
1048 1391 1100 1454 111,
1125 1400 1184 1458 qua
1206 1391 1346 1459 quantum
1370 1381 1441 1458 quid
1464 1385 1505 1441 sit
1527 1395 1646 1455 cognos·
1695 1432 1696 1436 ,

301 1475 383 1545 citur,
408 1478 436 1530 et
459 1472 570 1548 probat,
595 1487 684 1528 unum
708 1487 772 1530 esse
795 1477 970 1545 quantorum
993 1487 1172 1546 mensuram
1203 1469 1269 1529 inde
1292 1471 1458 1546 subjungit:
1490 1467 1560 1527 inde
1583 1482 1645 1526 sero

301 1562 389 1619 etiam
411 1560 440 1615 iu
464 1558 529 1616 aliis
552 1575 687 1617 mensura
709 1555 813 1616 dicitur
836 1556 880 1629 id,
912 1574 971 1634 quo
994 1560 1086 1635 primo
1111 1556 1262 1633 quodlibet
1289 1558 1474 1633 cognoscitur
1499 1563 1530 1615 et
1554 1554 1647 1631 cnjus·

24 1635 107 1730 ¹2⁹·
186 1660 192 1664 ’
300 1647 374 1707 11111
396 1663 530 1705 mensura
553 1656 598 1704 est
621 1661 719 1704 unum.
1101 1677 1104 1687 ·

132 1745 136 1752 ·
404 1732 490 1809 Quod
513 1740 610 1791 autem
634 1741 693 1790 tam
717 1731 867 1791 evidentes
889 1739 957 1790 suut
980 1732 1008 1787 lu
1032 1731 1217 1790 mathematis
1241 1731 1523 1803 demonstrationes,
1548 1745 1649 1789 causae

300 1829 368 1880 sunt
383 1820 510 1896 aliquota
534 1823 635 1898 prima,
659 1822 729 1896 quia
752 1817 1014 1877 demonstrationes
1036 1819 1095 1877 fere
1116 1817 1208 1878 oculis
1230 1819 1335 1894 subjici
1360 1816 1447 1877 etad
1471 1820 1579 1875 sicum
1600 1815 1649 1874 de·
1698 1815 1700 1863 ἶ

61 1952 73 1987 2,
87 1953 102 1979 ,1
148 1979 150 1990 ¹
299 1910 380 1986 pingi
404 1916 536 1985 possunt,
560 1915 593 1966 ut
615 1909 657 1966 ita
680 1916 709 1966 11
732 1906 824 1965 111111
850 1913 878 1965 11
900 1907 1013 1964 ratione
1037 1909 1078 1964 uti
1094 1909 1240 1982 possimus
1264 1909 1291 1963 iu
1316 1904 1579 1981 comprehensione
1601 1902 1649 1962 de·
1699 1920 1700 1923 ¹

7 1986 106 2026 ⁴
143 2024 145 2028 ·
202 2048 203 2051 ,
300 1998 550 2055 monstrationem.
597 1995 635 2053 Et
655 1993 714 2053 111
737 1992 873 2052 conducit
899 1992 938 2052 ad
958 1992 1128 2052 facilitatem
1156 2002 1185 2052 et
1206 1991 1461 2064 infallibilitatem,
1493 2009 1574 2069 quaa
1597 2006 1650 2048 nou

0 2076 66 2114 “’”
301 2091 346 2143 111
377 2086 405 2140 11
438 2085 540 2143 ceteris
568 2083 708 2141 scientiis.
753 2081 828 2141 Nam
859 2097 918 2157 quo
945 2090 1032 2158 pacto
1051 2097 1150 2154 ,agens
1182 2081 1229 2140 vel
1260 2083 1388 2160 patiens,
1422 2079 1468 2139 val
1498 2079 1652 2138 calerent
1699 2084 1700 2088 ’

300 2172 391 2246 frigus
414 2168 637 2247 depingeretur?
668 2169 769 2227 Altera
791 2175 822 2226 et
837 2170 988 2245 potissima
1003 2184 1093 2227 causa
1108 2176 1159 2240 est,
1185 2170 1255 2244 quia
1270 2169 1412 2247 principia
1426 2166 1653 2226 demonstratio-
1699 2215 1701 2227 ,

300 2275 387 2330 num,
420 2265 546 2316 connata
572 2255 681 2315 homini
707 2254 861 2333 pleraque,
891 2255 926 2315 da
950 2256 1163 2332 quantitatibus
1187 2264 1254 2316 sunt
1276 2257 1369 2335 primo
1392 2255 1579 2333 recipienda,
1611 2259 1652 2310 ut:

246 2384 247 2387 =
300 2352 395 2405 totum
418 2344 513 2419 majus
535 2361 589 2401 sua
612 2353 692 2420 parte
716 2361 788 2415 1111,
814 2346 888 2402 inter
909 2360 940 2402 se
963 2360 1027 2402 esse
1051 2343 1187 2418 aequalia
1211 2361 1287 2418 quaa
1310 2343 1404 2402 eidem
1427 2350 1482 2401 111.

406 2430 479 2490 Nam
503 2432 557 2489 etsi
574 2429 744 2490 Aristoteles
765 2431 841 2489 libro
855 2429 908 2488 lv.
931 2429 1006 2491 1111.Ι
1027 2446 1092 2508 cap.
1109 2436 1137 2490 3.
1161 2430 1434 2508 contemplationem
1454 2429 1562 2490 horum
1579 2429 1656 2505 prin-

304 2520 445 2595 cipiorum
476 2517 514 2576 ad
535 2518 765 2594 metaphysicam
793 2526 913 2577 revocat
941 2533 1035 2593 eaque
1062 2521 1227 2577 communia
1256 2520 1326 2578 iacit
1357 2517 1491 2582 omnibus
1514 2517 1655 2583 scientiis,

303 2616 402 2665 tamen
424 2622 471 2664 res
493 2607 558 2680 1111
579 2605 703 2678 indicat,
733 2605 813 2680 quod
835 2605 972 2681 loquatur
996 2604 1031 2664 de
1054 2605 1157 2680 logicis
1180 2608 1344 2682 principiis,
1377 2621 1453 2681 quae
1476 2606 1583 2664 crebro
1606 2601 1657 2661 ad-

303 2692 406 2752 hibent
426 2701 608 2768 geometrae,
642 2700 674 2751 ut
696 2709 761 2751 cum
785 2691 897 2764 dicunt,
928 2682 1005 2752 idem
1028 2700 1058 2751 et
1080 2708 1143 2752 esec
1167 2701 1196 2751 11
1218 2709 1276 2751 nou
1300 2709 1365 2751 csse
1393 2690 1581 2769 impossibile
1604 2697 1658 2748 etc.

155 2788 158 2801 ⁴
232 2816 233 2819 =
304 2780 405 2841 Verba
435 2781 499 2856 ejus
522 2779 697 2839 haec-suut:
730 2778 917 2838 Manifestum
941 2787 1038 2838 autem
1061 2786 1122 2848 111,
1152 2781 1238 2839 unius
1262 2797 1326 2840 esse
1349 2781 1507 2854 scientiae,
1541 2784 1574 2837 et
1597 2777 1658 2851 ejus

303 2867 436 2946 quidem,
471 2884 560 2943 quam
591 2866 680 2925 habet
708 2883 838 2926 summus
868 2866 1059 2944 philosophus
1090 2865 1165 2944 (sive
1193 2863 1437 2946 metaphysicus),
1472 2864 1660 2926 considerare

302 2956 511 3025 mathematica
534 2955 691 3013 axiomata.
737 2953 812 3013 Sunt
835 2956 911 3013 enim
934 2954 986 3012 illa
1007 2957 1036 3011 in
1061 2955 1148 3014 rebus
1171 2955 1308 3014 omnibus
1329 2963 1361 3014 11
1382 2971 1441 3014 non
1464 2956 1493 3011 in
1518 2968 1582 3012 uno
1608 2951 1661 3010 ali·

304 3060 362 3118 quo
390 3059 498 3118 genere
529 3040 712 3118 peculiariter
740 3043 862 3101 seorsim
893 3042 931 3100 ab
956 3041 1030 3100 aliis.
1076 3041 1114 3099 Et
1144 3048 1263 3102 utuntur
1292 3044 1328 3102 111
1357 3058 1458 3101 omnes
1486 3057 1568 3117 quac
1596 3046 1661 3098 1111

303 3131 388 3189 Entia
410 3130 514 3206 ipsius,
537 3137 682 3205 quatenus
706 3128 774 3202 Ens,
798 3145 855 3187 nou
879 3146 949 3187 vero
972 3137 1117 3205 quatenus
1141 3126 1198 3188 hoc
1220 3127 1469 3204 111-1111111111
1492 3144 1595 3187 rerum
1610 3134 1661 3186 est.
1709 3125 1710 3128 ’

305 3216 431 3276 Tantum
455 3224 554 3275 autern
578 3222 697 3274 utuntur
719 3217 769 3288 ils,
793 3223 935 3291 quantum
957 3215 1079 3288 sufficit,
1103 3215 1159 3274 hoc
1182 3224 1226 3276 est
1249 3223 1390 3291 quantum
1414 3213 1574 3292 complexa
1596 3220 1662 3273 suut
1710 3273 1712 3279 s

247 3332 250 3337 ¹
304 3322 398 3381 genus
425 3302 498 3363 illud
521 3320 631 3377 rerum,
663 3319 721 3378 quo
745 3301 781 3362 de
805 3310 906 3362 terunt
929 3302 1200 3366 demonstrationes.
1246 3304 1351 3380 itaque
1382 3320 1447 3362 cum
1470 3304 1661 3379 perspicuum
1709 3316 1710 3323 ¹

306 3394 353 3465 sit,
377 3391 456 3469 quod
480 3400 623 3467 quatenus
647 3391 734 3448 Entia
756 3392 843 3449 rebus
866 3392 1001 3449 omuibus
1024 3397 1191 3466 competent
1218 3392 1259 3468 (in
1282 3390 1339 3451 hoc
1362 3394 1439 3451 enim
1462 3393 1605 3450 consistit
1626 3387 1662 3445 11-

304 3477 397 3538 larum
420 3478 634 3556 communitas),
665 3478 821 3553 pertinebit
846 3480 944 3552 itaqua
968 3479 1176 3553 contemplatio
1207 3478 1322 3537 illarum
1350 3476 1495 3549 adeum,
1525 3482 1580 3553 qni
1605 3476 1662 3534 Eua

305 3574 339 3626 ut
360 3567 420 3625 Ena
445 3573 559 3624 uectat.
590 3565 750 3641 Propterea
772 3564 812 3637 tit,
838 3571 870 3622 ut
891 3582 976 3624 nemo
991 3572 1109 3638 eorum,
1133 3567 1183 3641 qui
1207 3564 1244 3624 ad
1268 3572 1380 3642 partem
1403 3564 1662 3643 philosophantur,
1708 3612 1709 3616 ,

306 3665 426 3713 conatur
448 3651 484 3712 de
507 3651 553 3710 his
576 3651 688 3728 aliquid
711 3651 815 3722 dicere,
841 3669 946 3713 verane
960 3655 1018 3711 siet
1032 3670 1133 3724 necne,
1157 3670 1253 3729 neque
1269 3661 1427 3728 geometra,
1451 3669 1551 3728 neque
1568 3651 1663 3712 arith-

306 3744 440 3814 meticus,
464 3739 515 3800 sed
539 3739 657 3815 quidam
680 3738 1172 3816 111111111111111111111111.
1210 3740 1271 3798 Soli
1297 3758 1423 3817 namque
1446 3739 1663 3800 existimaban-

308 3835 354 3886 tur
377 3836 406 3887 et
429 3827 464 3887 de
488 3834 550 3886 tota
572 3834 677 3885 natura
699 3835 727 3885 et
752 3825 788 3885 de
810 3826 884 3886 Ente
906 3826 1058 3905 speculari.
1090 3827 1242 3886 Hactenus
1264 3827 1440 3887 Aristoteles
1464 3827 1501 3887 de
1525 3843 1663 3887 commu-

307 3916 434 3974 nissimis
450 3915 607 3991 principiis.
646 3913 1663 3993 81111111,111111111111111111,11111111111111111111111·
1709 3910 1710 3914 ’

308 4005 480 4061 maticorum
503 4001 676 4077 specialiora
698 4017 755 4058 nou
779 4017 881 4076 panca,
906 4018 983 4077 quae
1005 4004 1150 4061 communi
1165 4002 1274 4061 lumine
1290 4012 1411 4063 naturae
1434 4012 1598 4063 cernuntur
1613 4016 1664 4061 111

308 4089 554 4148 demonstratione
576 4086 709 4164 indigent
731 4104 864 4163 quaeque
886 4091 1022 4164 primario
1046 4089 1082 4148 de
1105 4092 1319 4166 quantitatibus
1343 4099 1464 4163 sonant,
1489 4097 1561 4167 post
1578 4090 1663 4150 rebus

309 4177 375 4236 aliis
399 4175 582 4249 adhibentur,
607 4186 751 4251 quatenus
775 4178 989 4235 communicant
1011 4175 1077 4236 illae
1101 4174 1232 4235 nonnihil
1249 4166 1472 4254 quantitatibus.
1502 4177 1543 4236 Et
1559 4176 1665 4238 horam
1715 4168 1716 4236 ζ

309 4265 515 4343 principiorum
538 4261 623 4339 plura
644 4269 711 4321 sunt
733 4264 762 4321 in
786 4261 999 4336 mathematice,
1024 4280 1111 4339 quam
1135 4265 1163 4322 in
1187 4263 1252 4324 aliia
1267 4265 1505 4343 contemplativis
1521 4267 1664 4335 scientiis,

310 4359 427 4429 propter
449 4352 542 4427 ipsam
566 4348 730 4409 intellectus
753 4349 872 4408 humani
888 4359 1031 4423 naturam,
1056 4368 1132 4427 quae
1147 4351 1263 4414 videtur
1278 4353 1347 4411 talis
1362 4369 1426 4412 esse
1443 4351 1565 4426 exlege
1583 4369 1665 4412 crea·

310 4440 414 4512 tionis,
445 4445 478 4497 nt
500 4435 572 4495 nibil
596 4439 650 4495 nisi
679 4446 731 4496 aut
753 4439 946 4512 quantitates,
977 4447 1027 4497 aut
1055 4457 1106 4516 per
1129 4443 1309 4515 quantitates
1332 4441 1458 4517 perfecte
1482 4456 1666 4518 cognoscere

312 4528 413 4601 possit.
458 4524 563 4599 Itaque
587 4523 627 4597 fit,
652 4533 684 4584 ut
706 4524 885 4584 certissimae
909 4532 938 4582 et
960 4524 1141 4586 indubitatae
1163 4529 1221 4586 sint
1243 4527 1520 4588 mathematicorum
1541 4526 1666 4594 concia-
1716 4535 1717 4538 ’

311 4613 418 4676 aiones.
463 4611 562 4690 Atque
585 4609 643 4676 hoc
665 4613 780 4675 nomine
804 4614 997 4694 praestantior
1019 4616 1121 4674 ceteris
1144 4623 1189 4674 est
1211 4614 1429 4677 mathematicas
