<?xml version="1.0" encoding="UTF-8"?>
<!DOCTYPE html PUBLIC "-//W3C//DTD XHTML 1.0 Transitional//EN"
    "http://www.w3.org/TR/xhtml1/DTD/xhtml1-transitional.dtd">
<html xmlns="http://www.w3.org/1999/xhtml" xml:lang="en" lang="en">
 <head>
  <title>
</title>
<meta http-equiv="Content-Type" content="text/html;charset=utf-8" />
  <meta name='ocr-system' content='tesseract 3.04.00' />
  <meta name='ocr-capabilities' content='ocr_page ocr_carea ocr_par ocr_line ocrx_word'/>
</head>
<body>
  <div class='ocr_page' id='page_1' title='image "./joanniskepleria21frisgoog_0166.png"; bbox 0 0 3436 5416; ppageno 0'>
   <div class='ocr_carea' id='block_1_1' title="bbox 650 287 1285 365">
    <p class='ocr_par' dir='ltr' id='par_1_1' title="bbox 650 287 1285 365">
     <span class='ocr_line' id='line_1_1' title="bbox 650 287 1285 365; baseline 0.002 -2"><span class='ocrx_word' id='word_1_1' title='bbox 650 305 822 364; x_wconf 66' lang='lat' dir='ltr'><strong>coustant</strong></span> <span class='ocrx_word' id='word_1_2' title='bbox 839 321 873 364; x_wconf 74' lang='grc' dir='ltr'><strong>οι</strong></span> <span class='ocrx_word' id='word_1_3' title='bbox 891 306 1031 365; x_wconf 73' lang='lat' dir='ltr'><strong>corrasa</strong></span> <span class='ocrx_word' id='word_1_4' title='bbox 1051 287 1285 364; x_wconf 66' lang='lat' dir='ltr'><strong>ruiturarum.</strong></span> 
     </span>
    </p>
   </div>
   <div class='ocr_carea' id='block_1_2' title="bbox 889 496 1066 585">
    <p class='ocr_par' dir='ltr' id='par_1_2' title="bbox 889 496 1066 585">
     <span class='ocr_line' id='line_1_2' title="bbox 889 496 1066 585; baseline -0.017 -18"><span class='ocrx_word' id='word_1_5' title='bbox 889 497 1003 585; x_wconf 86' lang='lat' dir='ltr'><strong>Caput</strong></span> <span class='ocrx_word' id='word_1_6' title='bbox 1033 496 1066 567; x_wconf 87' lang='lat'><strong>5.</strong></span> 
     </span>
    </p>
   </div>
   <div class='ocr_carea' id='block_1_3' title="bbox 703 632 1251 703">
    <p class='ocr_par' dir='ltr' id='par_1_3' title="bbox 703 632 1251 703">
     <span class='ocr_line' id='line_1_3' title="bbox 703 632 1251 703; baseline -0.005 -12"><span class='ocrx_word' id='word_1_7' title='bbox 703 635 753 691; x_wconf 85' lang='lat' dir='ltr'><strong>Do</strong></span> <span class='ocrx_word' id='word_1_8' title='bbox 774 635 924 691; x_wconf 71' lang='lat' dir='ltr'><strong>Numero</strong></span> <span class='ocrx_word' id='word_1_9' title='bbox 948 636 983 690; x_wconf 85' lang='lat' dir='ltr'><strong>ot</strong></span> <span class='ocrx_word' id='word_1_10' title='bbox 1003 632 1251 703; x_wconf 70' lang='lat' dir='ltr'><strong>magnitudino.</strong></span> 
     </span>
    </p>
   </div>
   <div class='ocr_carea' id='block_1_4' title="bbox 297 749 1664 918">
    <p class='ocr_par' dir='ltr' id='par_1_4' title="bbox 297 749 1664 918">
     <span class='ocr_line' id='line_1_4' title="bbox 400 749 1664 831; baseline 0.002 -20"><span class='ocrx_word' id='word_1_11' title='bbox 400 752 434 811; x_wconf 90' lang='lat' dir='ltr'><strong>In</strong></span> <span class='ocrx_word' id='word_1_12' title='bbox 458 750 604 812; x_wconf 84' lang='lat' dir='ltr'><strong>divisione</strong></span> <span class='ocrx_word' id='word_1_13' title='bbox 627 761 802 828; x_wconf 85' lang='lat' dir='ltr'><strong>quantorum</strong></span> <span class='ocrx_word' id='word_1_14' title='bbox 824 757 917 831; x_wconf 90' lang='lat' dir='ltr'><strong>primo</strong></span> <span class='ocrx_word' id='word_1_15' title='bbox 941 753 1007 815; x_wconf 93' lang='lat' dir='ltr'><strong>loco</strong></span> <span class='ocrx_word' id='word_1_16' title='bbox 1030 757 1114 831; x_wconf 91' lang='lat' dir='ltr'><strong>ponit</strong></span> <span class='ocrx_word' id='word_1_17' title='bbox 1137 751 1308 812; x_wconf 82' lang='lat' dir='ltr'><strong>Aristoteles</strong></span> <span class='ocrx_word' id='word_1_18' title='bbox 1342 750 1517 825; x_wconf 88' lang='lat' dir='ltr'><strong>discretum,</strong></span> <span class='ocrx_word' id='word_1_19' title='bbox 1549 749 1664 813; x_wconf 80' lang='lat' dir='ltr'><strong>deinde</strong></span> 
     </span>
     <span class='ocr_line' id='line_1_5' title="bbox 297 839 1660 918; baseline -0.002 -18"><span class='ocrx_word' id='word_1_20' title='bbox 297 843 476 900; x_wconf 89' lang='lat' dir='ltr'><strong>continuum.</strong></span> <span class='ocrx_word' id='word_1_21' title='bbox 522 839 584 899; x_wconf 89' lang='lat' dir='ltr'><strong>Neo</strong></span> <span class='ocrx_word' id='word_1_22' title='bbox 612 840 640 898; x_wconf 92' lang='lat' dir='ltr'><strong>id</strong></span> <span class='ocrx_word' id='word_1_23' title='bbox 671 842 785 917; x_wconf 88' lang='lat' dir='ltr'><strong>injuria.</strong></span> <span class='ocrx_word' id='word_1_24' title='bbox 831 841 905 900; x_wconf 89' lang='lat' dir='ltr'><strong>Nam</strong></span> <span class='ocrx_word' id='word_1_25' title='bbox 930 841 980 900; x_wconf 94' lang='lat' dir='ltr'><strong>lib.</strong></span> <span class='ocrx_word' id='word_1_26' title='bbox 1007 842 1028 900; x_wconf 92' lang='lat' dir='ltr'><strong>l.</strong></span> <span class='ocrx_word' id='word_1_27' title='bbox 1054 841 1184 918; x_wconf 90' lang='lat' dir='ltr'><strong>Metapb.</strong></span> <span class='ocrx_word' id='word_1_28' title='bbox 1208 858 1271 916; x_wconf 90' lang='lat' dir='ltr'><strong>cap.</strong></span> <span class='ocrx_word' id='word_1_29' title='bbox 1297 845 1325 899; x_wconf 80' lang='grc'><strong>5.</strong></span> <span class='ocrx_word' id='word_1_30' title='bbox 1349 857 1384 898; x_wconf 83' lang='lat' dir='ltr'><strong>ert</strong></span> <span class='ocrx_word' id='word_1_31' title='bbox 1407 839 1543 916; x_wconf 86' lang='lat' dir='ltr'><strong>proleaso</strong></span> <span class='ocrx_word' id='word_1_32' title='bbox 1567 840 1660 899; x_wconf 91' lang='lat' dir='ltr'><strong>dicit:</strong></span> 
     </span>
    </p>
   </div>
   <div class='ocr_carea' id='block_1_5' title="bbox 57 912 1659 1006">
    <p class='ocr_par' dir='ltr' id='par_1_5' title="bbox 57 912 1659 1006">
     <span class='ocr_line' id='line_1_6' title="bbox 57 912 1659 1006; baseline -0.001 -20"><span class='ocrx_word' id='word_1_33' title='bbox 57 915 82 961; x_wconf 84' lang='lat'><strong>·&#39;</strong></span> <span class='ocrx_word' id='word_1_34' title='bbox 107 912 121 980; x_wconf 61' lang='grc' dir='ltr'><strong><em>ἰ</em></strong></span> <span class='ocrx_word' id='word_1_35' title='bbox 208 996 213 1003; x_wconf 64' lang='lat'><strong><em>„</em></strong></span> <span class='ocrx_word' id='word_1_36' title='bbox 295 930 370 987; x_wconf 90' lang='lat' dir='ltr'><strong>inter</strong></span> <span class='ocrx_word' id='word_1_37' title='bbox 398 944 443 986; x_wconf 91' lang='lat' dir='ltr'><strong>res</strong></span> <span class='ocrx_word' id='word_1_38' title='bbox 475 927 697 986; x_wconf 88' lang='lat' dir='ltr'><strong>mathematicas</strong></span> <span class='ocrx_word' id='word_1_39' title='bbox 726 946 861 988; x_wconf 90' lang='lat' dir='ltr'><strong>numeros</strong></span> <span class='ocrx_word' id='word_1_40' title='bbox 884 940 989 989; x_wconf 91' lang='lat' dir='ltr'><strong>natura</strong></span> <span class='ocrx_word' id='word_1_41' title='bbox 1018 934 1128 1006; x_wconf 82' lang='lat' dir='ltr'>priores</span> <span class='ocrx_word' id='word_1_42' title='bbox 1158 947 1231 990; x_wconf 86' lang='lat' dir='ltr'><strong>ease.</strong></span> <span class='ocrx_word' id='word_1_43' title='bbox 1288 928 1323 985; x_wconf 87' lang='lat' dir='ltr'><strong>Et</strong></span> <span class='ocrx_word' id='word_1_44' title='bbox 1346 927 1382 984; x_wconf 92' lang='lat' dir='ltr'><strong>V.</strong></span> <span class='ocrx_word' id='word_1_45' title='bbox 1406 925 1498 1004; x_wconf 89' lang='lat' dir='ltr'><strong>Phys.</strong></span> <span class='ocrx_word' id='word_1_46' title='bbox 1524 946 1592 1004; x_wconf 91' lang='lat' dir='ltr'><strong>cap.</strong></span> <span class='ocrx_word' id='word_1_47' title='bbox 1620 935 1659 986; x_wconf 80' lang='lat'><strong>3:</strong></span> 
     </span>
    </p>
   </div>
   <div class='ocr_carea' id='block_1_6' title="bbox 297 1015 1663 1178">
    <p class='ocr_par' dir='ltr' id='par_1_6' title="bbox 297 1015 1663 1178">
     <span class='ocr_line' id='line_1_7' title="bbox 297 1015 1663 1093; baseline -0.002 -18"><span class='ocrx_word' id='word_1_48' title='bbox 297 1016 409 1075; x_wconf 87' lang='lat' dir='ltr'><strong>numeri</strong></span> <span class='ocrx_word' id='word_1_49' title='bbox 433 1023 501 1072; x_wconf 88' lang='lat' dir='ltr'><strong>sunt</strong></span> <span class='ocrx_word' id='word_1_50' title='bbox 524 1019 612 1073; x_wconf 87' lang='lat' dir='ltr'><strong>etiam</strong></span> <span class='ocrx_word' id='word_1_51' title='bbox 637 1018 709 1093; x_wconf 77' lang='grc' dir='ltr'><strong>λογῳ</strong></span> <span class='ocrx_word' id='word_1_52' title='bbox 733 1034 786 1075; x_wconf 91' lang='lat' dir='ltr'><strong>seu</strong></span> <span class='ocrx_word' id='word_1_53' title='bbox 809 1017 977 1078; x_wconf 88' lang='lat' dir='ltr'><strong>definitione</strong></span> <span class='ocrx_word' id='word_1_54' title='bbox 1003 1017 1048 1076; x_wconf 84' lang='lat' dir='ltr'><strong>vol</strong></span> <span class='ocrx_word' id='word_1_55' title='bbox 1071 1019 1183 1075; x_wconf 87' lang='lat' dir='ltr'><strong>rationo</strong></span> <span class='ocrx_word' id='word_1_56' title='bbox 1206 1017 1326 1092; x_wconf 85' lang='lat' dir='ltr'><strong>priores.</strong></span> <span class='ocrx_word' id='word_1_57' title='bbox 1374 1015 1514 1084; x_wconf 73' lang='lat' dir='ltr'><strong>Strabo,</strong></span> <span class='ocrx_word' id='word_1_58' title='bbox 1540 1019 1565 1073; x_wconf 90' lang='lat' dir='ltr'><strong>si</strong></span> <span class='ocrx_word' id='word_1_59' title='bbox 1582 1033 1663 1074; x_wconf 90' lang='lat' dir='ltr'><strong>oon·</strong></span> 
     </span>
     <span class='ocr_line' id='line_1_8' title="bbox 298 1101 1662 1178; baseline -0.001 -16"><span class='ocrx_word' id='word_1_60' title='bbox 298 1101 473 1178; x_wconf 88' lang='lat' dir='ltr'><strong>templamur</strong></span> <span class='ocrx_word' id='word_1_61' title='bbox 497 1110 588 1160; x_wconf 89' lang='lat' dir='ltr'><strong>totam</strong></span> <span class='ocrx_word' id='word_1_62' title='bbox 613 1120 707 1162; x_wconf 89' lang='lat' dir='ltr'><strong>rerum</strong></span> <span class='ocrx_word' id='word_1_63' title='bbox 731 1106 961 1175; x_wconf 83' lang='lat' dir='ltr'><strong>universitatem,</strong></span> <span class='ocrx_word' id='word_1_64' title='bbox 986 1105 1159 1175; x_wconf 86' lang='lat' dir='ltr'><strong>videbimus,</strong></span> <span class='ocrx_word' id='word_1_65' title='bbox 1182 1103 1271 1162; x_wconf 92' lang='lat' dir='ltr'><strong>latius</strong></span> <span class='ocrx_word' id='word_1_66' title='bbox 1295 1111 1395 1178; x_wconf 88' lang='lat' dir='ltr'><strong>patere</strong></span> <span class='ocrx_word' id='word_1_67' title='bbox 1410 1119 1550 1161; x_wconf 86' lang='lat' dir='ltr'><strong>numeros</strong></span> <span class='ocrx_word' id='word_1_68' title='bbox 1566 1121 1662 1178; x_wconf 85' lang='lat' dir='ltr'><strong>quam</strong></span> 
     </span>
    </p>
   </div>
   <div class='ocr_carea' id='block_1_7' title="bbox 0 1188 1663 1347">
    <p class='ocr_par' dir='ltr' id='par_1_7' title="bbox 0 1188 1663 1375">
     <span class='ocr_line' id='line_1_9' title="bbox 0 1188 1663 1283; baseline -0.002 -32"><span class='ocrx_word' id='word_1_69' title='bbox 0 1239 65 1283; x_wconf 65' lang='lat'><strong>·.·</strong></span> <span class='ocrx_word' id='word_1_70' title='bbox 150 1255 154 1258; x_wconf 59' lang='grc'>,</span> <span class='ocrx_word' id='word_1_71' title='bbox 196 1199 197 1202; x_wconf 76' lang='grc'>’</span> <span class='ocrx_word' id='word_1_72' title='bbox 297 1188 530 1266; x_wconf 80' lang='lat' dir='ltr'><strong>magnitudines,</strong></span> <span class='ocrx_word' id='word_1_73' title='bbox 562 1189 706 1265; x_wconf 88' lang='lat' dir='ltr'><strong>siquidem</strong></span> <span class='ocrx_word' id='word_1_74' title='bbox 739 1193 910 1267; x_wconf 80' lang='lat' dir='ltr'>magnitudo</span> <span class='ocrx_word' id='word_1_75' title='bbox 939 1209 997 1250; x_wconf 91' lang='lat' dir='ltr'><strong>non</strong></span> <span class='ocrx_word' id='word_1_76' title='bbox 1020 1193 1091 1251; x_wconf 88' lang='lat' dir='ltr'><strong>alibi</strong></span> <span class='ocrx_word' id='word_1_77' title='bbox 1115 1199 1175 1261; x_wconf 90' lang='lat' dir='ltr'><strong>est,</strong></span> <span class='ocrx_word' id='word_1_78' title='bbox 1206 1208 1294 1266; x_wconf 88' lang='lat' dir='ltr'><strong>quam</strong></span> <span class='ocrx_word' id='word_1_79' title='bbox 1325 1191 1375 1248; x_wconf 91' lang='lat' dir='ltr'><strong>ubi</strong></span> <span class='ocrx_word' id='word_1_80' title='bbox 1402 1193 1527 1248; x_wconf 85' lang='lat' dir='ltr'><strong>materia</strong></span> <span class='ocrx_word' id='word_1_81' title='bbox 1558 1189 1663 1248; x_wconf 84' lang='lat' dir='ltr'><strong>l&#39;oeum</strong></span> 
     </span>
     <span class='ocr_line' id='line_1_10' title="bbox 204 1276 1661 1347; baseline 0.001 -11.818"><span class='ocrx_word' id='word_1_82' title='bbox 204 1280 205 1283; x_wconf 74' lang='grc'>’</span> <span class='ocrx_word' id='word_1_83' title='bbox 297 1277 404 1347; x_wconf 88' lang='lat' dir='ltr'><strong>babet,</strong></span> <span class='ocrx_word' id='word_1_84' title='bbox 436 1293 571 1335; x_wconf 89' lang='lat' dir='ltr'><strong>numerus</strong></span> <span class='ocrx_word' id='word_1_85' title='bbox 604 1294 673 1337; x_wconf 89' lang='lat' dir='ltr'><strong>vero</strong></span> <span class='ocrx_word' id='word_1_86' title='bbox 706 1278 836 1337; x_wconf 87' lang='lat' dir='ltr'><strong>extendit</strong></span> <span class='ocrx_word' id='word_1_87' title='bbox 864 1297 895 1337; x_wconf 89' lang='lat' dir='ltr'><strong>se</strong></span> <span class='ocrx_word' id='word_1_88' title='bbox 919 1282 1006 1338; x_wconf 91' lang='lat' dir='ltr'><strong>etiam</strong></span> <span class='ocrx_word' id='word_1_89' title='bbox 1030 1280 1067 1339; x_wconf 91' lang='lat' dir='ltr'><strong>ad</strong></span> <span class='ocrx_word' id='word_1_90' title='bbox 1091 1277 1301 1338; x_wconf 84' lang='lat' dir='ltr'><strong>immaterialia</strong></span> <span class='ocrx_word' id='word_1_91' title='bbox 1348 1276 1422 1334; x_wconf 87' lang='lat' dir='ltr'><strong>Nam</strong></span> <span class='ocrx_word' id='word_1_92' title='bbox 1452 1279 1508 1335; x_wconf 84' lang='lat' dir='ltr'><strong>etsi</strong></span> <span class='ocrx_word' id='word_1_93' title='bbox 1532 1276 1661 1337; x_wconf 91' lang='lat' dir='ltr'><strong>libroI.</strong></span> 
     </span>
    </p>
   </div>
   <div class='ocr_carea' id='block_1_8' title="bbox 298 1363 1663 1444">
    <p class='ocr_par' dir='ltr' id='par_1_8' title="bbox 298 1363 1663 1444">
     <span class='ocr_line' id='line_1_11' title="bbox 298 1363 1663 1444; baseline -0.001 -21"><span class='ocrx_word' id='word_1_94' title='bbox 298 1364 389 1440; x_wconf 86' lang='lat' dir='ltr'><strong>Phys.</strong></span> <span class='ocrx_word' id='word_1_95' title='bbox 413 1379 476 1439; x_wconf 89' lang='lat' dir='ltr'><strong>cap.</strong></span> <span class='ocrx_word' id='word_1_96' title='bbox 504 1369 532 1421; x_wconf 79' lang='lat' dir='ltr'><strong>i.</strong></span> <span class='ocrx_word' id='word_1_97' title='bbox 555 1367 706 1423; x_wconf 77' lang='lat' dir='ltr'><strong>materiam</strong></span> <span class='ocrx_word' id='word_1_98' title='bbox 731 1365 903 1426; x_wconf 75' lang='lat' dir='ltr'><strong>Aristotelea</strong></span> <span class='ocrx_word' id='word_1_99' title='bbox 935 1376 1023 1427; x_wconf 84' lang='lat' dir='ltr'><strong>vocat</strong></span> <span class='ocrx_word' id='word_1_100' title='bbox 1045 1364 1223 1444; x_wconf 75' lang='lat' dir='ltr'><strong>dprdpqrqs,</strong></span> <span class='ocrx_word' id='word_1_101' title='bbox 1256 1363 1481 1435; x_wconf 82' lang='lat' dir='ltr'><strong>numerabilem,</strong></span> <span class='ocrx_word' id='word_1_102' title='bbox 1511 1374 1606 1440; x_wconf 86' lang='lat' dir='ltr'><strong>atquo</strong></span> <span class='ocrx_word' id='word_1_103' title='bbox 1631 1364 1663 1422; x_wconf 89' lang='lat' dir='ltr'><strong>id</strong></span> 
     </span>
    </p>
   </div>
   <div class='ocr_carea' id='block_1_9' title="bbox 38 1435 1660 1531">
    <p class='ocr_par' dir='ltr' id='par_1_9' title="bbox 38 1435 1660 1531">
     <span class='ocr_line' id='line_1_12' title="bbox 38 1435 1660 1531; baseline 0 -21"><span class='ocrx_word' id='word_1_104' title='bbox 38 1435 82 1530; x_wconf 48' lang='lat' dir='ltr'><strong>J’}</strong></span> <span class='ocrx_word' id='word_1_105' title='bbox 129 1476 149 1497; x_wconf 53' lang='grc' dir='ltr'>ἰ</span> <span class='ocrx_word' id='word_1_106' title='bbox 218 1450 219 1455; x_wconf 72' lang='grc'>’</span> <span class='ocrx_word' id='word_1_107' title='bbox 298 1450 461 1527; x_wconf 87' lang='lat' dir='ltr'><strong>Scheggius</strong></span> <span class='ocrx_word' id='word_1_108' title='bbox 484 1452 623 1527; x_wconf 88' lang='lat' dir='ltr'><strong>interpres</strong></span> <span class='ocrx_word' id='word_1_109' title='bbox 646 1451 682 1510; x_wconf 87' lang='lat' dir='ltr'><strong>da</strong></span> <span class='ocrx_word' id='word_1_110' title='bbox 699 1469 734 1511; x_wconf 89' lang='lat' dir='ltr'><strong>eo</strong></span> <span class='ocrx_word' id='word_1_111' title='bbox 751 1455 965 1529; x_wconf 89' lang='lat' dir='ltr'><strong>interpretatur,</strong></span> <span class='ocrx_word' id='word_1_112' title='bbox 990 1454 1067 1531; x_wconf 91' lang='lat' dir='ltr'><strong>quod</strong></span> <span class='ocrx_word' id='word_1_113' title='bbox 1091 1470 1242 1512; x_wconf 91' lang='lat' dir='ltr'><strong>numerum</strong></span> <span class='ocrx_word' id='word_1_114' title='bbox 1265 1456 1294 1509; x_wconf 85' lang='lat' dir='ltr'><strong>in</strong></span> <span class='ocrx_word' id='word_1_115' title='bbox 1317 1468 1362 1510; x_wconf 92' lang='lat' dir='ltr'><strong>res</strong></span> <span class='ocrx_word' id='word_1_116' title='bbox 1378 1451 1500 1510; x_wconf 86' lang='lat' dir='ltr'><strong>invehat</strong></span> <span class='ocrx_word' id='word_1_117' title='bbox 1514 1455 1660 1511; x_wconf 80' lang='lat' dir='ltr'><strong>materia:</strong></span> 
     </span>
    </p>
   </div>
   <div class='ocr_carea' id='block_1_10' title="bbox 298 1537 1663 1880">
    <p class='ocr_par' dir='ltr' id='par_1_10' title="bbox 298 1537 1663 1773">
     <span class='ocr_line' id='line_1_13' title="bbox 299 1537 1663 1615; baseline 0 -18"><span class='ocrx_word' id='word_1_118' title='bbox 299 1547 398 1597; x_wconf 92' lang='lat' dir='ltr'><strong>tamen</strong></span> <span class='ocrx_word' id='word_1_119' title='bbox 423 1537 488 1595; x_wconf 90' lang='lat' dir='ltr'><strong>ideo</strong></span> <span class='ocrx_word' id='word_1_120' title='bbox 511 1555 568 1596; x_wconf 91' lang='lat' dir='ltr'><strong>uon</strong></span> <span class='ocrx_word' id='word_1_121' title='bbox 592 1541 738 1615; x_wconf 87' lang='lat' dir='ltr'><strong>sequitur,</strong></span> <span class='ocrx_word' id='word_1_122' title='bbox 770 1557 886 1600; x_wconf 91' lang='lat' dir='ltr'><strong>omnem</strong></span> <span class='ocrx_word' id='word_1_123' title='bbox 909 1559 927 1600; x_wconf 90' lang='lat' dir='ltr'><strong>a</strong></span> <span class='ocrx_word' id='word_1_124' title='bbox 951 1544 1073 1601; x_wconf 91' lang='lat' dir='ltr'><strong>materia</strong></span> <span class='ocrx_word' id='word_1_125' title='bbox 1095 1558 1245 1600; x_wconf 89' lang='lat' dir='ltr'><strong>numerum</strong></span> <span class='ocrx_word' id='word_1_126' title='bbox 1275 1541 1353 1599; x_wconf 90' lang='lat' dir='ltr'><strong>oriri.</strong></span> <span class='ocrx_word' id='word_1_127' title='bbox 1401 1538 1436 1595; x_wconf 81' lang='lat' dir='ltr'><strong>Et</strong></span> <span class='ocrx_word' id='word_1_128' title='bbox 1466 1556 1575 1613; x_wconf 88' lang='lat' dir='ltr'><strong>causa,</strong></span> <span class='ocrx_word' id='word_1_129' title='bbox 1608 1557 1663 1598; x_wconf 89' lang='lat' dir='ltr'><strong>cur</strong></span> 
     </span>
     <span class='ocr_line' id='line_1_14' title="bbox 298 1623 1662 1704; baseline 0.001 -20"><span class='ocrx_word' id='word_1_130' title='bbox 298 1623 494 1685; x_wconf 86' lang='lat' dir='ltr'><strong>numerabiles</strong></span> <span class='ocrx_word' id='word_1_131' title='bbox 523 1625 696 1698; x_wconf 78' lang='lat' dir='ltr'><strong>sadiattes,</strong></span> <span class='ocrx_word' id='word_1_132' title='bbox 725 1634 770 1686; x_wconf 92' lang='lat' dir='ltr'><strong>est</strong></span> <span class='ocrx_word' id='word_1_133' title='bbox 792 1630 862 1704; x_wconf 89' lang='lat' dir='ltr'><strong>quia</strong></span> <span class='ocrx_word' id='word_1_134' title='bbox 884 1629 954 1688; x_wconf 89' lang='lat' dir='ltr'><strong>lacit</strong></span> <span class='ocrx_word' id='word_1_135' title='bbox 977 1629 1139 1688; x_wconf 86' lang='lat' dir='ltr'><strong>divisibiles</strong></span> <span class='ocrx_word' id='word_1_136' title='bbox 1153 1630 1192 1685; x_wconf 82' lang='lat' dir='ltr'><strong>&#39;in</strong></span> <span class='ocrx_word' id='word_1_137' title='bbox 1216 1636 1328 1703; x_wconf 90' lang='lat' dir='ltr'><strong>partes,</strong></span> <span class='ocrx_word' id='word_1_138' title='bbox 1357 1643 1432 1701; x_wconf 87' lang='lat' dir='ltr'><strong>quaa</strong></span> <span class='ocrx_word' id='word_1_139' title='bbox 1465 1627 1662 1702; x_wconf 87' lang='lat' dir='ltr'><strong>postmodum</strong></span> 
     </span>
     <span class='ocr_line' id='line_1_15' title="bbox 299 1719 1456 1773; baseline -0.002 -2"><span class='ocrx_word' id='word_1_140' title='bbox 299 1719 494 1773; x_wconf 89' lang='lat' dir='ltr'><strong>numerantur.</strong></span> <span class='ocrx_word' id='word_1_141' title='bbox 1447 1726 1456 1743; x_wconf 74' lang='grc'><strong>“</strong></span> 
     </span>
    </p>

    <p class='ocr_par' dir='ltr' id='par_1_11' title="bbox 402 1798 1660 1880">
     <span class='ocr_line' id='line_1_16' title="bbox 402 1798 1660 1880; baseline 0.003 -22"><span class='ocrx_word' id='word_1_142' title='bbox 402 1798 475 1858; x_wconf 85' lang='lat' dir='ltr'><strong>Cum</strong></span> <span class='ocrx_word' id='word_1_143' title='bbox 507 1807 606 1858; x_wconf 89' lang='lat' dir='ltr'><strong>autem</strong></span> <span class='ocrx_word' id='word_1_144' title='bbox 637 1800 719 1860; x_wconf 91' lang='lat' dir='ltr'><strong>solus</strong></span> <span class='ocrx_word' id='word_1_145' title='bbox 749 1818 885 1861; x_wconf 89' lang='lat' dir='ltr'><strong>numerus</strong></span> <span class='ocrx_word' id='word_1_146' title='bbox 915 1821 966 1880; x_wconf 93' lang='lat' dir='ltr'><strong>per</strong></span> <span class='ocrx_word' id='word_1_147' title='bbox 989 1821 1020 1863; x_wconf 88' lang='lat' dir='ltr'><strong>se</strong></span> <span class='ocrx_word' id='word_1_148' title='bbox 1044 1820 1156 1879; x_wconf 86' lang='lat' dir='ltr'><strong>suoque</strong></span> <span class='ocrx_word' id='word_1_149' title='bbox 1179 1819 1243 1862; x_wconf 86' lang='lat' dir='ltr'><strong>essa</strong></span> <span class='ocrx_word' id='word_1_150' title='bbox 1272 1810 1301 1860; x_wconf 90' lang='lat' dir='ltr'><strong>et</strong></span> <span class='ocrx_word' id='word_1_151' title='bbox 1331 1802 1423 1877; x_wconf 91' lang='lat' dir='ltr'><strong>primo</strong></span> <span class='ocrx_word' id='word_1_152' title='bbox 1454 1803 1494 1860; x_wconf 90' lang='lat' dir='ltr'><strong>sit</strong></span> <span class='ocrx_word' id='word_1_153' title='bbox 1526 1799 1660 1862; x_wconf 82' lang='lat' dir='ltr'><strong>discreta</strong></span> 
     </span>
    </p>
   </div>
   <div class='ocr_carea' id='block_1_11' title="bbox 188 1879 1661 1967">
    <p class='ocr_par' dir='ltr' id='par_1_12' title="bbox 188 1879 1661 1967">
     <span class='ocr_line' id='line_1_17' title="bbox 188 1879 1661 1967; baseline 0.003 -25"><span class='ocrx_word' id='word_1_154' title='bbox 188 1879 190 1894; x_wconf 79' lang='grc'><em>’</em></span> <span class='ocrx_word' id='word_1_155' title='bbox 299 1889 457 1964; x_wconf 87' lang='lat' dir='ltr'><strong>quantitas,</strong></span> <span class='ocrx_word' id='word_1_156' title='bbox 480 1885 605 1963; x_wconf 92' lang='lat' dir='ltr'><strong>ideoque</strong></span> <span class='ocrx_word' id='word_1_157' title='bbox 628 1887 689 1963; x_wconf 88' lang='lat' dir='ltr'><strong>illa,</strong></span> <span class='ocrx_word' id='word_1_158' title='bbox 713 1906 789 1964; x_wconf 90' lang='lat' dir='ltr'><strong>quae</strong></span> <span class='ocrx_word' id='word_1_159' title='bbox 812 1907 901 1965; x_wconf 89' lang='lat' dir='ltr'><strong>supra</strong></span> <span class='ocrx_word' id='word_1_160' title='bbox 922 1891 957 1949; x_wconf 89' lang='lat' dir='ltr'><strong>do</strong></span> <span class='ocrx_word' id='word_1_161' title='bbox 981 1891 1105 1950; x_wconf 91' lang='lat' dir='ltr'><strong>discreta</strong></span> <span class='ocrx_word' id='word_1_162' title='bbox 1129 1893 1293 1967; x_wconf 87' lang='lat' dir='ltr'><strong>quantitate</strong></span> <span class='ocrx_word' id='word_1_163' title='bbox 1316 1888 1501 1961; x_wconf 88' lang='lat' dir='ltr'><strong>dictasunt,</strong></span> <span class='ocrx_word' id='word_1_164' title='bbox 1526 1888 1586 1949; x_wconf 90' lang='lat' dir='ltr'><strong>buo</strong></span> <span class='ocrx_word' id='word_1_165' title='bbox 1609 1907 1661 1947; x_wconf 87' lang='lat' dir='ltr'><strong>re-</strong></span> 
     </span>
    </p>
   </div>
   <div class='ocr_carea' id='block_1_12' title="bbox 297 1973 1662 2837">
    <p class='ocr_par' dir='ltr' id='par_1_13' title="bbox 297 1973 1662 2315">
     <span class='ocr_line' id='line_1_18' title="bbox 298 1973 1661 2053; baseline 0.002 -20"><span class='ocrx_word' id='word_1_166' title='bbox 298 1973 417 2034; x_wconf 82' lang='lat' dir='ltr'><strong>serenda</strong></span> <span class='ocrx_word' id='word_1_167' title='bbox 440 1982 469 2033; x_wconf 91' lang='lat' dir='ltr'><strong>et</strong></span> <span class='ocrx_word' id='word_1_168' title='bbox 492 1973 528 2033; x_wconf 89' lang='lat' dir='ltr'><strong>da</strong></span> <span class='ocrx_word' id='word_1_169' title='bbox 551 1992 670 2034; x_wconf 89' lang='lat' dir='ltr'><strong>numero</strong></span> <span class='ocrx_word' id='word_1_170' title='bbox 694 1975 886 2051; x_wconf 89' lang='lat' dir='ltr'><strong>intelligenda</strong></span> <span class='ocrx_word' id='word_1_171' title='bbox 909 1987 1000 2051; x_wconf 90' lang='lat' dir='ltr'><strong>erunt,</strong></span> <span class='ocrx_word' id='word_1_172' title='bbox 1025 1977 1104 2053; x_wconf 91' lang='lat' dir='ltr'><strong>quod</strong></span> <span class='ocrx_word' id='word_1_173' title='bbox 1128 1995 1168 2038; x_wconf 92' lang='lat' dir='ltr'><strong>sc.</strong></span> <span class='ocrx_word' id='word_1_174' title='bbox 1193 1980 1221 2034; x_wconf 93' lang='lat' dir='ltr'><strong>in</strong></span> <span class='ocrx_word' id='word_1_175' title='bbox 1245 1993 1364 2033; x_wconf 88' lang='lat' dir='ltr'><strong>nrrmero</strong></span> <span class='ocrx_word' id='word_1_176' title='bbox 1386 1992 1443 2033; x_wconf 93' lang='lat' dir='ltr'><strong>uon</strong></span> <span class='ocrx_word' id='word_1_177' title='bbox 1468 1978 1566 2051; x_wconf 89' lang='lat' dir='ltr'><strong>possit</strong></span> <span class='ocrx_word' id='word_1_178' title='bbox 1590 1980 1661 2052; x_wconf 86' lang='lat' dir='ltr'><strong>quis</strong></span> 
     </span>
     <span class='ocr_line' id='line_1_19' title="bbox 297 2062 1660 2140; baseline 0.001 -19"><span class='ocrx_word' id='word_1_179' title='bbox 297 2062 511 2133; x_wconf 90' lang='lat' dir='ltr'><strong>demonstrare,</strong></span> <span class='ocrx_word' id='word_1_180' title='bbox 543 2062 689 2137; x_wconf 89' lang='lat' dir='ltr'><strong>quomodo</strong></span> <span class='ocrx_word' id='word_1_181' title='bbox 713 2063 874 2139; x_wconf 89' lang='lat' dir='ltr'><strong>particulae</strong></span> <span class='ocrx_word' id='word_1_182' title='bbox 898 2067 989 2140; x_wconf 90' lang='lat' dir='ltr'><strong>ipsius</strong></span> <span class='ocrx_word' id='word_1_183' title='bbox 1012 2068 1099 2124; x_wconf 86' lang='lat' dir='ltr'><strong>situm</strong></span> <span class='ocrx_word' id='word_1_184' title='bbox 1129 2064 1274 2140; x_wconf 85' lang='lat' dir='ltr'><strong>quendam</strong></span> <span class='ocrx_word' id='word_1_185' title='bbox 1304 2063 1433 2123; x_wconf 93' lang='lat' dir='ltr'><strong>babeant</strong></span> <span class='ocrx_word' id='word_1_186' title='bbox 1455 2063 1494 2121; x_wconf 91' lang='lat' dir='ltr'><strong>ad</strong></span> <span class='ocrx_word' id='word_1_187' title='bbox 1519 2066 1660 2138; x_wconf 85' lang='lat' dir='ltr'><strong>invicem,</strong></span> 
     </span>
     <span class='ocr_line' id='line_1_20' title="bbox 298 2150 1662 2227; baseline 0 -19"><span class='ocrx_word' id='word_1_188' title='bbox 298 2157 350 2208; x_wconf 89' lang='lat' dir='ltr'><strong>aut</strong></span> <span class='ocrx_word' id='word_1_189' title='bbox 373 2150 423 2207; x_wconf 92' lang='lat' dir='ltr'><strong>ubi</strong></span> <span class='ocrx_word' id='word_1_190' title='bbox 447 2151 521 2207; x_wconf 89' lang='lat' dir='ltr'><strong>sitae</strong></span> <span class='ocrx_word' id='word_1_191' title='bbox 543 2152 619 2227; x_wconf 84' lang='lat' dir='ltr'><strong>sint,</strong></span> <span class='ocrx_word' id='word_1_192' title='bbox 641 2160 693 2208; x_wconf 89' lang='lat' dir='ltr'><strong>aut</strong></span> <span class='ocrx_word' id='word_1_193' title='bbox 717 2168 860 2225; x_wconf 85' lang='lat' dir='ltr'><strong>quaenam</strong></span> <span class='ocrx_word' id='word_1_194' title='bbox 884 2152 1045 2227; x_wconf 83' lang='lat' dir='ltr'><strong>particulae</strong></span> <span class='ocrx_word' id='word_1_195' title='bbox 1068 2151 1106 2210; x_wconf 91' lang='lat' dir='ltr'><strong>ad</strong></span> <span class='ocrx_word' id='word_1_196' title='bbox 1130 2155 1254 2211; x_wconf 88' lang='lat' dir='ltr'><strong>invicem</strong></span> <span class='ocrx_word' id='word_1_197' title='bbox 1278 2150 1465 2227; x_wconf 82' lang='lat' dir='ltr'><strong>copulentur,</strong></span> <span class='ocrx_word' id='word_1_198' title='bbox 1498 2150 1552 2209; x_wconf 87' lang='lat' dir='ltr'><strong>sed</strong></span> <span class='ocrx_word' id='word_1_199' title='bbox 1577 2153 1662 2210; x_wconf 92' lang='lat' dir='ltr'><strong>ordi-</strong></span> 
     </span>
     <span class='ocr_line' id='line_1_21' title="bbox 300 2237 1661 2315; baseline 0.004 -19"><span class='ocrx_word' id='word_1_200' title='bbox 300 2254 369 2296; x_wconf 89' lang='lat' dir='ltr'><strong>nem</strong></span> <span class='ocrx_word' id='word_1_201' title='bbox 392 2238 518 2294; x_wconf 85' lang='lat' dir='ltr'><strong>numeris</strong></span> <span class='ocrx_word' id='word_1_202' title='bbox 534 2239 640 2295; x_wconf 88' lang='lat' dir='ltr'><strong>rectius</strong></span> <span class='ocrx_word' id='word_1_203' title='bbox 655 2240 830 2310; x_wconf 81' lang='lat' dir='ltr'><strong>attribuetis,</strong></span> <span class='ocrx_word' id='word_1_204' title='bbox 855 2254 889 2297; x_wconf 93' lang='lat' dir='ltr'><strong>eo</strong></span> <span class='ocrx_word' id='word_1_205' title='bbox 907 2241 984 2313; x_wconf 93' lang='lat' dir='ltr'><strong>quod</strong></span> <span class='ocrx_word' id='word_1_206' title='bbox 1001 2239 1147 2315; x_wconf 86' lang='lat' dir='ltr'><strong>quoddam</strong></span> <span class='ocrx_word' id='word_1_207' title='bbox 1166 2242 1245 2315; x_wconf 90' lang='lat' dir='ltr'><strong>prius</strong></span> <span class='ocrx_word' id='word_1_208' title='bbox 1261 2240 1308 2309; x_wconf 87' lang='lat' dir='ltr'><strong>sit,</strong></span> <span class='ocrx_word' id='word_1_209' title='bbox 1333 2237 1480 2313; x_wconf 88' lang='lat' dir='ltr'><strong>quoddam</strong></span> <span class='ocrx_word' id='word_1_210' title='bbox 1498 2241 1661 2314; x_wconf 86' lang='lat' dir='ltr'><strong>posterius.</strong></span> 
     </span>
    </p>

    <p class='ocr_par' dir='ltr' id='par_1_14' title="bbox 300 2321 1662 2837">
     <span class='ocr_line' id='line_1_22' title="bbox 403 2321 1662 2402; baseline 0.005 -23"><span class='ocrx_word' id='word_1_211' title='bbox 403 2321 576 2397; x_wconf 86' lang='lat' dir='ltr'><strong>Magnitudo</strong></span> <span class='ocrx_word' id='word_1_212' title='bbox 600 2340 687 2397; x_wconf 84' lang='lat' dir='ltr'><strong>vero,</strong></span> <span class='ocrx_word' id='word_1_213' title='bbox 721 2341 787 2384; x_wconf 91' lang='lat' dir='ltr'><strong>cum</strong></span> <span class='ocrx_word' id='word_1_214' title='bbox 818 2325 882 2385; x_wconf 90' lang='lat' dir='ltr'><strong>sola</strong></span> <span class='ocrx_word' id='word_1_215' title='bbox 911 2344 962 2402; x_wconf 88' lang='lat' dir='ltr'><strong>per</strong></span> <span class='ocrx_word' id='word_1_216' title='bbox 984 2344 1015 2385; x_wconf 90' lang='lat' dir='ltr'><strong>se</strong></span> <span class='ocrx_word' id='word_1_217' title='bbox 1038 2344 1151 2402; x_wconf 91' lang='lat' dir='ltr'><strong>suoque</strong></span> <span class='ocrx_word' id='word_1_218' title='bbox 1179 2343 1243 2384; x_wconf 90' lang='lat' dir='ltr'><strong>esse</strong></span> <span class='ocrx_word' id='word_1_219' title='bbox 1266 2336 1295 2384; x_wconf 91' lang='lat' dir='ltr'><strong>et</strong></span> <span class='ocrx_word' id='word_1_220' title='bbox 1322 2329 1415 2401; x_wconf 93' lang='lat' dir='ltr'><strong>primo</strong></span> <span class='ocrx_word' id='word_1_221' title='bbox 1445 2327 1484 2383; x_wconf 90' lang='lat' dir='ltr'><strong>sit</strong></span> <span class='ocrx_word' id='word_1_222' title='bbox 1517 2329 1662 2385; x_wconf 86' lang='lat' dir='ltr'><strong>continua</strong></span> 
     </span>
     <span class='ocr_line' id='line_1_23' title="bbox 300 2409 1662 2489; baseline 0.005 -24"><span class='ocrx_word' id='word_1_223' title='bbox 300 2410 456 2483; x_wconf 82' lang='lat' dir='ltr'><strong>quantitas,</strong></span> <span class='ocrx_word' id='word_1_224' title='bbox 481 2417 555 2468; x_wconf 89' lang='lat' dir='ltr'><strong>teste</strong></span> <span class='ocrx_word' id='word_1_225' title='bbox 579 2409 735 2469; x_wconf 82' lang='lat' dir='ltr'><strong>Aristotele</strong></span> <span class='ocrx_word' id='word_1_226' title='bbox 759 2411 811 2471; x_wconf 92' lang='lat' dir='ltr'><strong>Vl.</strong></span> <span class='ocrx_word' id='word_1_227' title='bbox 835 2412 925 2489; x_wconf 87' lang='lat' dir='ltr'><strong>Phys.</strong></span> <span class='ocrx_word' id='word_1_228' title='bbox 952 2421 987 2486; x_wconf 76' lang='lat'><strong>2,</strong></span> <span class='ocrx_word' id='word_1_229' title='bbox 1017 2415 1110 2472; x_wconf 90' lang='lat' dir='ltr'><strong>omnis</strong></span> <span class='ocrx_word' id='word_1_230' title='bbox 1133 2412 1302 2487; x_wconf 87' lang='lat' dir='ltr'><strong>magnitudo</strong></span> <span class='ocrx_word' id='word_1_231' title='bbox 1325 2421 1369 2470; x_wconf 90' lang='lat' dir='ltr'><strong>est</strong></span> <span class='ocrx_word' id='word_1_232' title='bbox 1398 2415 1556 2471; x_wconf 89' lang='lat' dir='ltr'><strong>continua:</strong></span> <span class='ocrx_word' id='word_1_233' title='bbox 1592 2413 1662 2472; x_wconf 90' lang='lat' dir='ltr'><strong>ideo</strong></span> 
     </span>
     <span class='ocr_line' id='line_1_24' title="bbox 301 2494 1662 2575; baseline 0.004 -21"><span class='ocrx_word' id='word_1_234' title='bbox 301 2503 467 2570; x_wconf 90' lang='lat' dir='ltr'><strong>competent</strong></span> <span class='ocrx_word' id='word_1_235' title='bbox 490 2494 531 2553; x_wconf 87' lang='lat' dir='ltr'><strong>illi</strong></span> <span class='ocrx_word' id='word_1_236' title='bbox 556 2500 720 2574; x_wconf 89' lang='lat' dir='ltr'><strong>praecipua,</strong></span> <span class='ocrx_word' id='word_1_237' title='bbox 745 2516 820 2574; x_wconf 89' lang='lat' dir='ltr'><strong>quac</strong></span> <span class='ocrx_word' id='word_1_238' title='bbox 844 2499 879 2558; x_wconf 93' lang='lat' dir='ltr'><strong>de</strong></span> <span class='ocrx_word' id='word_1_239' title='bbox 903 2503 1040 2559; x_wconf 90' lang='lat' dir='ltr'><strong>continuo</strong></span> <span class='ocrx_word' id='word_1_240' title='bbox 1064 2500 1247 2572; x_wconf 90' lang='lat' dir='ltr'><strong>dictasunt,</strong></span> <span class='ocrx_word' id='word_1_241' title='bbox 1272 2499 1350 2575; x_wconf 89' lang='lat' dir='ltr'><strong>quod</strong></span> <span class='ocrx_word' id='word_1_242' title='bbox 1375 2516 1415 2559; x_wconf 86' lang='lat' dir='ltr'><strong>se.</strong></span> <span class='ocrx_word' id='word_1_243' title='bbox 1440 2499 1551 2559; x_wconf 91' lang='lat' dir='ltr'><strong>habeat</strong></span> <span class='ocrx_word' id='word_1_244' title='bbox 1576 2518 1662 2560; x_wconf 89' lang='lat' dir='ltr'><strong>oom-</strong></span> 
     </span>
     <span class='ocr_line' id='line_1_25' title="bbox 300 2584 1660 2664; baseline 0.004 -24"><span class='ocrx_word' id='word_1_245' title='bbox 300 2599 416 2640; x_wconf 92' lang='lat' dir='ltr'><strong>munem</strong></span> <span class='ocrx_word' id='word_1_246' title='bbox 440 2584 611 2655; x_wconf 83' lang='lat' dir='ltr'><strong>terminum,</strong></span> <span class='ocrx_word' id='word_1_247' title='bbox 639 2584 676 2643; x_wconf 91' lang='lat' dir='ltr'><strong>ad</strong></span> <span class='ocrx_word' id='word_1_248' title='bbox 708 2586 794 2660; x_wconf 85' lang='lat' dir='ltr'><strong>quern</strong></span> <span class='ocrx_word' id='word_1_249' title='bbox 825 2587 995 2662; x_wconf 88' lang='lat' dir='ltr'><strong>copulentur</strong></span> <span class='ocrx_word' id='word_1_250' title='bbox 1024 2596 1138 2664; x_wconf 77' lang='lat' dir='ltr'><strong>partes,</strong></span> <span class='ocrx_word' id='word_1_251' title='bbox 1171 2595 1200 2646; x_wconf 91' lang='lat' dir='ltr'><strong>et</strong></span> <span class='ocrx_word' id='word_1_252' title='bbox 1228 2587 1307 2662; x_wconf 92' lang='lat' dir='ltr'><strong>quod</strong></span> <span class='ocrx_word' id='word_1_253' title='bbox 1336 2596 1433 2662; x_wconf 91' lang='lat' dir='ltr'><strong>partes</strong></span> <span class='ocrx_word' id='word_1_254' title='bbox 1464 2588 1531 2662; x_wconf 84' lang='lat' dir='ltr'><strong>ejus</strong></span> <span class='ocrx_word' id='word_1_255' title='bbox 1561 2587 1660 2647; x_wconf 88' lang='lat' dir='ltr'><strong>thesin</strong></span> 
     </span>
     <span class='ocr_line' id='line_1_26' title="bbox 300 2669 1660 2758; baseline 0.005 -30"><span class='ocrx_word' id='word_1_256' title='bbox 300 2669 430 2728; x_wconf 90' lang='lat' dir='ltr'><strong>babeant</strong></span> <span class='ocrx_word' id='word_1_257' title='bbox 458 2669 495 2727; x_wconf 91' lang='lat' dir='ltr'><strong>ad</strong></span> <span class='ocrx_word' id='word_1_258' title='bbox 525 2672 664 2745; x_wconf 85' lang='lat' dir='ltr'><strong>invicem,</strong></span> <span class='ocrx_word' id='word_1_259' title='bbox 698 2672 847 2758; x_wconf 80' lang='lat' dir='ltr'><strong>qupclibet</strong></span> <span class='ocrx_word' id='word_1_260' title='bbox 869 2677 953 2733; x_wconf 83' lang='lat' dir='ltr'><strong>&#39;eninr</strong></span> <span class='ocrx_word' id='word_1_261' title='bbox 982 2692 1016 2734; x_wconf 83' lang='lat' dir='ltr'><strong>ex</strong></span> <span class='ocrx_word' id='word_1_262' title='bbox 1040 2677 1171 2751; x_wconf 88' lang='lat' dir='ltr'><strong>partibus</strong></span> <span class='ocrx_word' id='word_1_263' title='bbox 1195 2673 1304 2733; x_wconf 90' lang='lat' dir='ltr'><strong>alicubi</strong></span> <span class='ocrx_word' id='word_1_264' title='bbox 1327 2677 1383 2732; x_wconf 88' lang='lat' dir='ltr'><strong>sita</strong></span> <span class='ocrx_word' id='word_1_265' title='bbox 1412 2681 1471 2746; x_wconf 89' lang='lat' dir='ltr'><strong>est,</strong></span> <span class='ocrx_word' id='word_1_266' title='bbox 1505 2682 1535 2733; x_wconf 93' lang='lat' dir='ltr'><strong>et</strong></span> <span class='ocrx_word' id='word_1_267' title='bbox 1558 2684 1660 2751; x_wconf 83' lang='lat' dir='ltr'><strong>potest</strong></span> 
     </span>
     <span class='ocr_line' id='line_1_27' title="bbox 302 2756 1660 2837; baseline 0.006 -23"><span class='ocrx_word' id='word_1_268' title='bbox 302 2759 367 2833; x_wconf 91' lang='lat' dir='ltr'><strong>quis</strong></span> <span class='ocrx_word' id='word_1_269' title='bbox 390 2756 551 2832; x_wconf 85' lang='lat' dir='ltr'><strong>intelligere</strong></span> <span class='ocrx_word' id='word_1_270' title='bbox 575 2767 663 2833; x_wconf 89' lang='lat' dir='ltr'><strong>atquo</strong></span> <span class='ocrx_word' id='word_1_271' title='bbox 688 2759 824 2832; x_wconf 83' lang='lat' dir='ltr'><strong>indicare,</strong></span> <span class='ocrx_word' id='word_1_272' title='bbox 849 2761 899 2819; x_wconf 92' lang='lat' dir='ltr'><strong>ubi</strong></span> <span class='ocrx_word' id='word_1_273' title='bbox 922 2762 1056 2837; x_wconf 88' lang='lat' dir='ltr'><strong>singulae</strong></span> <span class='ocrx_word' id='word_1_274' title='bbox 1079 2765 1153 2822; x_wconf 89' lang='lat' dir='ltr'><strong>sitae</strong></span> <span class='ocrx_word' id='word_1_275' title='bbox 1177 2764 1234 2819; x_wconf 90' lang='lat' dir='ltr'><strong>sint</strong></span> <span class='ocrx_word' id='word_1_276' title='bbox 1249 2761 1459 2837; x_wconf 89' lang='lat' dir='ltr'><strong>magnitudinis</strong></span> <span class='ocrx_word' id='word_1_277' title='bbox 1482 2763 1660 2837; x_wconf 82' lang='lat' dir='ltr'><strong>particulae,</strong></span> 
     </span>
    </p>
   </div>
   <div class='ocr_carea' id='block_1_13' title="bbox 12 2830 1660 2956">
    <p class='ocr_par' dir='ltr' id='par_1_15' title="bbox 12 2830 1660 2956">
     <span class='ocr_line' id='line_1_28' title="bbox 12 2830 1660 2956; baseline 0.005 -56"><span class='ocrx_word' id='word_1_278' title='bbox 12 2839 80 2956; x_wconf 43' lang='lat' dir='ltr'><strong>Ra*</strong></span> <span class='ocrx_word' id='word_1_279' title='bbox 104 2830 121 2909; x_wconf 58' lang='lat' dir='ltr'><em>J</em></span> <span class='ocrx_word' id='word_1_280' title='bbox 158 2918 161 2929; x_wconf 26' lang='lat'>⁸</span> <span class='ocrx_word' id='word_1_281' title='bbox 195 2881 197 2887; x_wconf 89' lang='lat'><em>-</em></span> <span class='ocrx_word' id='word_1_282' title='bbox 300 2843 388 2903; x_wconf 88' lang='lat' dir='ltr'><strong>etad</strong></span> <span class='ocrx_word' id='word_1_283' title='bbox 413 2861 569 2920; x_wconf 88' lang='lat' dir='ltr'><strong>quamnam</strong></span> <span class='ocrx_word' id='word_1_284' title='bbox 593 2844 713 2904; x_wconf 88' lang='lat' dir='ltr'><strong>alteram</strong></span> <span class='ocrx_word' id='word_1_285' title='bbox 736 2846 908 2924; x_wconf 87' lang='lat' dir='ltr'><strong>particulam</strong></span> <span class='ocrx_word' id='word_1_286' title='bbox 933 2848 1113 2925; x_wconf 88' lang='lat' dir='ltr'><strong>copulentur.</strong></span> <span class='ocrx_word' id='word_1_287' title='bbox 1158 2850 1192 2908; x_wconf 91' lang='lat' dir='ltr'><strong>In</strong></span> <span class='ocrx_word' id='word_1_288' title='bbox 1217 2849 1318 2923; x_wconf 84' lang='lat' dir='ltr'><strong>Categ.</strong></span> <span class='ocrx_word' id='word_1_289' title='bbox 1350 2866 1401 2924; x_wconf 93' lang='lat' dir='ltr'><strong>pro</strong></span> <span class='ocrx_word' id='word_1_290' title='bbox 1427 2865 1499 2908; x_wconf 86' lang='lat' dir='ltr'><strong>voce</strong></span> <span class='ocrx_word' id='word_1_291' title='bbox 1524 2850 1660 2927; x_wconf 87' lang='lat' dir='ltr'><strong>copulari</strong></span> 
     </span>
    </p>
   </div>
   <div class='ocr_carea' id='block_1_14' title="bbox 297 2933 1660 3186">
    <p class='ocr_par' dir='ltr' id='par_1_16' title="bbox 297 2933 1660 3186">
     <span class='ocr_line' id='line_1_29' title="bbox 300 2933 1659 3014; baseline 0.005 -24"><span class='ocrx_word' id='word_1_292' title='bbox 300 2933 398 2990; x_wconf 91' lang='lat' dir='ltr'><strong>estin</strong></span> <span class='ocrx_word' id='word_1_293' title='bbox 421 2949 526 3007; x_wconf 88' lang='lat' dir='ltr'><strong>graeco</strong></span> <span class='ocrx_word' id='word_1_294' title='bbox 550 2948 607 3007; x_wconf 83' lang='lat' dir='ltr'><strong>vox</strong></span> <span class='ocrx_word' id='word_1_295' title='bbox 632 2954 793 3003; x_wconf 76' lang='lat' dir='ltr'><strong>curantem,</strong></span> <span class='ocrx_word' id='word_1_296' title='bbox 817 2939 902 3008; x_wconf 86' lang='lat' dir='ltr'><strong>quasi</strong></span> <span class='ocrx_word' id='word_1_297' title='bbox 926 2935 1005 2995; x_wconf 89' lang='lat' dir='ltr'><strong>dicas</strong></span> <span class='ocrx_word' id='word_1_298' title='bbox 1029 2939 1205 3014; x_wconf 89' lang='lat' dir='ltr'><strong>contingere.</strong></span> <span class='ocrx_word' id='word_1_299' title='bbox 1252 2935 1438 2994; x_wconf 90' lang='lat' dir='ltr'><strong>Deliniuntur</strong></span> <span class='ocrx_word' id='word_1_300' title='bbox 1461 2946 1562 2995; x_wconf 86' lang='lat' dir='ltr'><strong>autam</strong></span> <span class='ocrx_word' id='word_1_301' title='bbox 1585 2956 1659 2997; x_wconf 90' lang='lat' dir='ltr'><strong>con·</strong></span> 
     </span>
     <span class='ocr_line' id='line_1_30' title="bbox 297 3019 1660 3100; baseline 0.004 -23"><span class='ocrx_word' id='word_1_302' title='bbox 297 3021 380 3093; x_wconf 88' lang='lat' dir='ltr'><strong>tigua</strong></span> <span class='ocrx_word' id='word_1_303' title='bbox 411 3019 458 3077; x_wconf 85' lang='lat' dir='ltr'><strong>vel</strong></span> <span class='ocrx_word' id='word_1_304' title='bbox 488 3021 688 3095; x_wconf 86' lang='lat' dir='ltr'><strong>contingentia</strong></span> <span class='ocrx_word' id='word_1_305' title='bbox 717 3021 791 3080; x_wconf 87' lang='lat' dir='ltr'><strong>libro</strong></span> <span class='ocrx_word' id='word_1_306' title='bbox 815 3021 853 3078; x_wconf 91' lang='lat' dir='ltr'><strong>V.</strong></span> <span class='ocrx_word' id='word_1_307' title='bbox 877 3022 966 3100; x_wconf 87' lang='lat' dir='ltr'><strong>Phys.</strong></span> <span class='ocrx_word' id='word_1_308' title='bbox 992 3041 1056 3100; x_wconf 89' lang='lat' dir='ltr'><strong>cap.</strong></span> <span class='ocrx_word' id='word_1_309' title='bbox 1081 3031 1114 3097; x_wconf 83' lang='lat'><strong>3,</strong></span> <span class='ocrx_word' id='word_1_310' title='bbox 1145 3041 1267 3099; x_wconf 91' lang='lat' dir='ltr'><strong>quorum</strong></span> <span class='ocrx_word' id='word_1_311' title='bbox 1292 3020 1379 3100; x_wconf 71' lang='lat' dir='ltr'><strong>sirpo,</strong></span> <span class='ocrx_word' id='word_1_312' title='bbox 1412 3031 1557 3097; x_wconf 85' lang='lat' dir='ltr'><strong>extrema,</strong></span> <span class='ocrx_word' id='word_1_313' title='bbox 1590 3034 1660 3082; x_wconf 88' lang='lat' dir='ltr'><strong>sunt</strong></span> 
     </span>
     <span class='ocr_line' id='line_1_31' title="bbox 298 3104 1658 3186; baseline 0.005 -23"><span class='ocrx_word' id='word_1_314' title='bbox 298 3104 394 3163; x_wconf 91' lang='lat' dir='ltr'><strong>simul.</strong></span> <span class='ocrx_word' id='word_1_315' title='bbox 440 3104 496 3163; x_wconf 91' lang='lat' dir='ltr'><strong>Illa</strong></span> <span class='ocrx_word' id='word_1_316' title='bbox 520 3123 590 3165; x_wconf 86' lang='lat' dir='ltr'><strong>vero</strong></span> <span class='ocrx_word' id='word_1_317' title='bbox 613 3107 699 3165; x_wconf 92' lang='lat' dir='ltr'><strong>simul</strong></span> <span class='ocrx_word' id='word_1_318' title='bbox 723 3125 787 3168; x_wconf 87' lang='lat' dir='ltr'><strong>esse</strong></span> <span class='ocrx_word' id='word_1_319' title='bbox 811 3107 959 3184; x_wconf 87' lang='lat' dir='ltr'><strong>dicuntur,</strong></span> <span class='ocrx_word' id='word_1_320' title='bbox 984 3127 1059 3185; x_wconf 88' lang='lat' dir='ltr'><strong>quaa</strong></span> <span class='ocrx_word' id='word_1_321' title='bbox 1083 3112 1111 3167; x_wconf 95' lang='lat' dir='ltr'><strong>in</strong></span> <span class='ocrx_word' id='word_1_322' title='bbox 1135 3128 1193 3169; x_wconf 93' lang='lat' dir='ltr'><strong>uno</strong></span> <span class='ocrx_word' id='word_1_323' title='bbox 1216 3113 1310 3186; x_wconf 90' lang='lat' dir='ltr'><strong>primo</strong></span> <span class='ocrx_word' id='word_1_324' title='bbox 1333 3110 1399 3169; x_wconf 91' lang='lat' dir='ltr'><strong>loco</strong></span> <span class='ocrx_word' id='word_1_325' title='bbox 1422 3118 1506 3183; x_wconf 91' lang='lat' dir='ltr'><strong>sunt,</strong></span> <span class='ocrx_word' id='word_1_326' title='bbox 1531 3116 1658 3171; x_wconf 87' lang='lat' dir='ltr'><strong>seorsim</strong></span> 
     </span>
    </p>
   </div>
   <div class='ocr_carea' id='block_1_15' title="bbox 202 3191 1659 3274">
    <p class='ocr_par' dir='ltr' id='par_1_17' title="bbox 202 3191 1659 3274">
     <span class='ocr_line' id='line_1_32' title="bbox 202 3191 1659 3274; baseline 0.006 -24"><span class='ocrx_word' id='word_1_327' title='bbox 202 3247 206 3256; x_wconf 87' lang='grc'><strong>,</strong></span> <span class='ocrx_word' id='word_1_328' title='bbox 301 3209 365 3251; x_wconf 90' lang='lat' dir='ltr'><strong>esse</strong></span> <span class='ocrx_word' id='word_1_329' title='bbox 389 3191 454 3263; x_wconf 90' lang='lat' dir='ltr'><strong>illa,</strong></span> <span class='ocrx_word' id='word_1_330' title='bbox 479 3209 555 3267; x_wconf 87' lang='lat' dir='ltr'><strong>quae</strong></span> <span class='ocrx_word' id='word_1_331' title='bbox 579 3195 607 3249; x_wconf 91' lang='lat' dir='ltr'><strong>in</strong></span> <span class='ocrx_word' id='word_1_332' title='bbox 633 3193 749 3253; x_wconf 88' lang='lat' dir='ltr'><strong>diverso</strong></span> <span class='ocrx_word' id='word_1_333' title='bbox 773 3203 840 3253; x_wconf 87' lang='lat' dir='ltr'><strong>sunt</strong></span> <span class='ocrx_word' id='word_1_334' title='bbox 862 3196 936 3256; x_wconf 92' lang='lat' dir='ltr'><strong>loco.</strong></span> <span class='ocrx_word' id='word_1_335' title='bbox 961 3198 1078 3274; x_wconf 86' lang='lat' dir='ltr'><strong>(lbid.).</strong></span> <span class='ocrx_word' id='word_1_336' title='bbox 1124 3199 1227 3274; x_wconf 88' lang='lat' dir='ltr'><strong>ltaque</strong></span> <span class='ocrx_word' id='word_1_337' title='bbox 1250 3197 1422 3272; x_wconf 88' lang='lat' dir='ltr'><strong>magnitudo</strong></span> <span class='ocrx_word' id='word_1_338' title='bbox 1445 3199 1475 3254; x_wconf 92' lang='lat' dir='ltr'><strong>in</strong></span> <span class='ocrx_word' id='word_1_339' title='bbox 1499 3216 1536 3257; x_wconf 88' lang='lat' dir='ltr'><strong>eo</strong></span> <span class='ocrx_word' id='word_1_340' title='bbox 1561 3198 1659 3259; x_wconf 82' lang='lat' dir='ltr'><strong>diflert</strong></span> 
     </span>
    </p>
   </div>
   <div class='ocr_carea' id='block_1_16' title="bbox 301 3279 1659 3360">
    <p class='ocr_par' dir='ltr' id='par_1_18' title="bbox 301 3279 1659 3360">
     <span class='ocr_line' id='line_1_33' title="bbox 301 3279 1659 3360; baseline 0.007 -23"><span class='ocrx_word' id='word_1_341' title='bbox 301 3295 477 3349; x_wconf 83' lang='lat' dir='ltr'><strong>enumero,</strong></span> <span class='ocrx_word' id='word_1_342' title='bbox 509 3279 587 3354; x_wconf 89' lang='lat' dir='ltr'><strong>quod</strong></span> <span class='ocrx_word' id='word_1_343' title='bbox 620 3279 661 3338; x_wconf 91' lang='lat' dir='ltr'><strong>illi</strong></span> <span class='ocrx_word' id='word_1_344' title='bbox 691 3284 829 3357; x_wconf 89' lang='lat' dir='ltr'><strong>competit</strong></span> <span class='ocrx_word' id='word_1_345' title='bbox 856 3291 1007 3342; x_wconf 91' lang='lat' dir='ltr'><strong>contactus</strong></span> <span class='ocrx_word' id='word_1_346' title='bbox 1035 3287 1099 3343; x_wconf 89' lang='lat' dir='ltr'><strong>sive</strong></span> <span class='ocrx_word' id='word_1_347' title='bbox 1126 3287 1341 3360; x_wconf 87' lang='lat' dir='ltr'><strong>contingentia,</strong></span> <span class='ocrx_word' id='word_1_348' title='bbox 1373 3301 1494 3343; x_wconf 90' lang='lat' dir='ltr'><strong>numero</strong></span> <span class='ocrx_word' id='word_1_349' title='bbox 1525 3304 1597 3345; x_wconf 87' lang='lat' dir='ltr'><strong>vero</strong></span> <span class='ocrx_word' id='word_1_350' title='bbox 1627 3310 1659 3348; x_wconf 82' lang='lat' dir='ltr'><strong>ro</strong></span> 
     </span>
    </p>
   </div>
   <div class='ocr_carea' id='block_1_17' title="bbox 101 3363 1661 3449">
    <p class='ocr_par' dir='ltr' id='par_1_19' title="bbox 101 3363 1661 3449">
     <span class='ocr_line' id='line_1_34' title="bbox 101 3363 1661 3449; baseline 0.004 -23"><span class='ocrx_word' id='word_1_351' title='bbox 101 3401 105 3408; x_wconf 94' lang='lat'>·</span> <span class='ocrx_word' id='word_1_352' title='bbox 207 3369 208 3373; x_wconf 71' lang='grc'>’</span> <span class='ocrx_word' id='word_1_353' title='bbox 298 3363 411 3443; x_wconf 68' lang='grc' dir='ltr'><strong>ἐφεξης,</strong></span> <span class='ocrx_word' id='word_1_354' title='bbox 435 3365 492 3424; x_wconf 89' lang='lat' dir='ltr'><strong>boo</strong></span> <span class='ocrx_word' id='word_1_355' title='bbox 515 3375 573 3437; x_wconf 89' lang='lat' dir='ltr'><strong>est,</strong></span> <span class='ocrx_word' id='word_1_356' title='bbox 598 3376 631 3425; x_wconf 91' lang='lat' dir='ltr'><strong>ut</strong></span> <span class='ocrx_word' id='word_1_357' title='bbox 653 3367 689 3424; x_wconf 92' lang='lat' dir='ltr'><strong>V.</strong></span> <span class='ocrx_word' id='word_1_358' title='bbox 713 3367 802 3446; x_wconf 85' lang='lat' dir='ltr'><strong>Phys.</strong></span> <span class='ocrx_word' id='word_1_359' title='bbox 827 3386 890 3445; x_wconf 87' lang='lat' dir='ltr'><strong>cap.</strong></span> <span class='ocrx_word' id='word_1_360' title='bbox 916 3378 943 3429; x_wconf 82' lang='lat'><strong>3.</strong></span> <span class='ocrx_word' id='word_1_361' title='bbox 969 3370 1109 3448; x_wconf 82' lang='lat' dir='ltr'><strong>explicat,</strong></span> <span class='ocrx_word' id='word_1_362' title='bbox 1134 3375 1210 3431; x_wconf 85' lang='lat' dir='ltr'><strong>inter</strong></span> <span class='ocrx_word' id='word_1_363' title='bbox 1231 3373 1448 3447; x_wconf 86' lang='lat' dir='ltr'><strong>magnitudines</strong></span> <span class='ocrx_word' id='word_1_364' title='bbox 1471 3379 1572 3449; x_wconf 89' lang='lat' dir='ltr'><strong>potest</strong></span> <span class='ocrx_word' id='word_1_365' title='bbox 1597 3392 1661 3433; x_wconf 86' lang='lat' dir='ltr'><strong>esse</strong></span> 
     </span>
    </p>
   </div>
   <div class='ocr_carea' id='block_1_18' title="bbox 219 3452 1717 3709">
    <p class='ocr_par' dir='ltr' id='par_1_20' title="bbox 219 3452 1717 3709">
     <span class='ocr_line' id='line_1_35' title="bbox 298 3452 1717 3537; baseline 0.01 -26"><span class='ocrx_word' id='word_1_366' title='bbox 298 3453 412 3529; x_wconf 88' lang='lat' dir='ltr'><strong>aliquid</strong></span> <span class='ocrx_word' id='word_1_367' title='bbox 440 3452 642 3512; x_wconf 87' lang='lat' dir='ltr'><strong>intermedium</strong></span> <span class='ocrx_word' id='word_1_368' title='bbox 666 3455 772 3532; x_wconf 88' lang='lat' dir='ltr'><strong>(omnis</strong></span> <span class='ocrx_word' id='word_1_369' title='bbox 802 3458 877 3515; x_wconf 91' lang='lat' dir='ltr'><strong>enim</strong></span> <span class='ocrx_word' id='word_1_370' title='bbox 908 3456 985 3516; x_wconf 91' lang='lat' dir='ltr'><strong>linea</strong></span> <span class='ocrx_word' id='word_1_371' title='bbox 1013 3467 1057 3517; x_wconf 87' lang='lat' dir='ltr'><strong>cst</strong></span> <span class='ocrx_word' id='word_1_372' title='bbox 1086 3459 1183 3519; x_wconf 90' lang='lat' dir='ltr'><strong>media</strong></span> <span class='ocrx_word' id='word_1_373' title='bbox 1206 3455 1434 3537; x_wconf 91' lang='lat' dir='ltr'><strong>interpuncta),</strong></span> <span class='ocrx_word' id='word_1_374' title='bbox 1470 3477 1659 3520; x_wconf 89' lang='lat' dir='ltr'><strong>numerorum</strong></span> <span class='ocrx_word' id='word_1_375' title='bbox 1716 3515 1717 3525; x_wconf 71' lang='lat'><strong>.</strong></span> 
     </span>
     <span class='ocr_line' id='line_1_36' title="bbox 219 3541 1659 3624; baseline 0.01 -31"><span class='ocrx_word' id='word_1_376' title='bbox 219 3590 221 3593; x_wconf 84' lang='grc'><em>,</em></span> <span class='ocrx_word' id='word_1_377' title='bbox 299 3556 370 3599; x_wconf 84' lang='lat' dir='ltr'><strong>vero</strong></span> <span class='ocrx_word' id='word_1_378' title='bbox 393 3557 451 3599; x_wconf 91' lang='lat' dir='ltr'><strong>non</strong></span> <span class='ocrx_word' id='word_1_379' title='bbox 475 3546 520 3598; x_wconf 90' lang='lat' dir='ltr'><strong>est</strong></span> <span class='ocrx_word' id='word_1_380' title='bbox 543 3557 662 3599; x_wconf 88' lang='lat' dir='ltr'><strong>necesse</strong></span> <span class='ocrx_word' id='word_1_381' title='bbox 685 3559 749 3602; x_wconf 87' lang='lat' dir='ltr'><strong>esso</strong></span> <span class='ocrx_word' id='word_1_382' title='bbox 773 3541 884 3619; x_wconf 89' lang='lat' dir='ltr'><strong>aliquid</strong></span> <span class='ocrx_word' id='word_1_383' title='bbox 908 3546 1119 3608; x_wconf 89' lang='lat' dir='ltr'><strong>intermedium.</strong></span> <span class='ocrx_word' id='word_1_384' title='bbox 1151 3546 1226 3605; x_wconf 91' lang='lat' dir='ltr'><strong>Nam</strong></span> <span class='ocrx_word' id='word_1_385' title='bbox 1249 3569 1282 3607; x_wconf 81' lang='lat' dir='ltr'><strong>ro</strong></span> <span class='ocrx_word' id='word_1_386' title='bbox 1298 3545 1403 3623; x_wconf 73' lang='grc' dir='ltr'><strong><em>ἐφεξης</em></strong></span> <span class='ocrx_word' id='word_1_387' title='bbox 1425 3546 1473 3605; x_wconf 81' lang='lat' dir='ltr'><strong>vel</strong></span> <span class='ocrx_word' id='word_1_388' title='bbox 1491 3551 1659 3624; x_wconf 86' lang='lat' dir='ltr'><strong>proximum</strong></span> 
     </span>
     <span class='ocr_line' id='line_1_37' title="bbox 299 3626 1496 3709; baseline 0.005 -24"><span class='ocrx_word' id='word_1_389' title='bbox 299 3626 405 3687; x_wconf 90' lang='lat' dir='ltr'><strong>dicitur</strong></span> <span class='ocrx_word' id='word_1_390' title='bbox 427 3644 516 3686; x_wconf 87' lang='lat' dir='ltr'><strong>untrrn</strong></span> <span class='ocrx_word' id='word_1_391' title='bbox 539 3627 609 3701; x_wconf 90' lang='lat' dir='ltr'><strong>alio,</strong></span> <span class='ocrx_word' id='word_1_392' title='bbox 632 3630 706 3689; x_wconf 89' lang='lat' dir='ltr'><strong>iuter</strong></span> <span class='ocrx_word' id='word_1_393' title='bbox 729 3646 805 3707; x_wconf 82' lang='lat' dir='ltr'><strong>qqas</strong></span> <span class='ocrx_word' id='word_1_394' title='bbox 826 3629 899 3690; x_wconf 90' lang='lat' dir='ltr'><strong>nibil</strong></span> <span class='ocrx_word' id='word_1_395' title='bbox 922 3633 1051 3708; x_wconf 89' lang='lat' dir='ltr'><strong>ejusdem</strong></span> <span class='ocrx_word' id='word_1_396' title='bbox 1075 3636 1190 3709; x_wconf 88' lang='lat' dir='ltr'><strong>generis</strong></span> <span class='ocrx_word' id='word_1_397' title='bbox 1215 3641 1258 3693; x_wconf 88' lang='lat' dir='ltr'><strong>est</strong></span> <span class='ocrx_word' id='word_1_398' title='bbox 1283 3633 1496 3694; x_wconf 87' lang='lat' dir='ltr'><strong>intermedium.</strong></span> 
     </span>
    </p>
   </div>
   <div class='ocr_carea' id='block_1_19' title="bbox 859 3811 1085 4006">
    <p class='ocr_par' dir='ltr' id='par_1_21' title="bbox 859 3811 1085 4006">
     <span class='ocr_line' id='line_1_38' title="bbox 887 3811 1062 3900; baseline 0 -18"><span class='ocrx_word' id='word_1_399' title='bbox 887 3811 1001 3900; x_wconf 87' lang='lat' dir='ltr'><strong>Caput</strong></span> <span class='ocrx_word' id='word_1_400' title='bbox 1030 3812 1062 3882; x_wconf 87' lang='grc'><strong>6.</strong></span> 
     </span>
     <span class='ocr_line' id='line_1_39' title="bbox 859 3947 1085 4006; baseline 0.018 -4"><span class='ocrx_word' id='word_1_401' title='bbox 859 3947 909 4003; x_wconf 83' lang='lat' dir='ltr'><strong>Da</strong></span> <span class='ocrx_word' id='word_1_402' title='bbox 937 3948 1085 4006; x_wconf 80' lang='lat' dir='ltr'><strong>Infinita.</strong></span> 
     </span>
    </p>
   </div>
   <div class='ocr_carea' id='block_1_20' title="bbox 234 4062 1658 4854">
    <p class='ocr_par' dir='ltr' id='par_1_22' title="bbox 234 4062 1658 4854">
     <span class='ocr_line' id='line_1_40' title="bbox 399 4062 1658 4143; baseline 0.008 -22"><span class='ocrx_word' id='word_1_403' title='bbox 399 4062 488 4122; x_wconf 90' lang='lat' dir='ltr'><strong>Libro</strong></span> <span class='ocrx_word' id='word_1_404' title='bbox 500 4062 553 4124; x_wconf 93' lang='lat' dir='ltr'><strong>lll.</strong></span> <span class='ocrx_word' id='word_1_405' title='bbox 568 4062 660 4140; x_wconf 87' lang='lat' dir='ltr'><strong>Pbys.</strong></span> <span class='ocrx_word' id='word_1_406' title='bbox 677 4082 741 4140; x_wconf 90' lang='lat' dir='ltr'><strong>cap.</strong></span> <span class='ocrx_word' id='word_1_407' title='bbox 756 4073 784 4126; x_wconf 84' lang='lat' dir='ltr'><strong>t.</strong></span> <span class='ocrx_word' id='word_1_408' title='bbox 801 4066 925 4125; x_wconf 87' lang='lat' dir='ltr'><strong>allirmat</strong></span> <span class='ocrx_word' id='word_1_409' title='bbox 941 4069 1123 4143; x_wconf 85' lang='lat' dir='ltr'><strong>Aristoteles,</strong></span> <span class='ocrx_word' id='word_1_410' title='bbox 1144 4073 1186 4130; x_wconf 93' lang='lat' dir='ltr'><strong>uti</strong></span> <span class='ocrx_word' id='word_1_411' title='bbox 1202 4073 1290 4132; x_wconf 88' lang='lat' dir='ltr'><strong>etiam</strong></span> <span class='ocrx_word' id='word_1_412' title='bbox 1313 4071 1540 4132; x_wconf 90' lang='lat' dir='ltr'><strong>mathematicos</strong></span> <span class='ocrx_word' id='word_1_413' title='bbox 1557 4077 1658 4132; x_wconf 90' lang='lat' dir='ltr'><strong>consi-</strong></span> 
     </span>
     <span class='ocr_line' id='line_1_41' title="bbox 296 4149 1657 4237; baseline 0.007 -28"><span class='ocrx_word' id='word_1_414' title='bbox 296 4150 446 4210; x_wconf 89' lang='lat' dir='ltr'><strong>deratione</strong></span> <span class='ocrx_word' id='word_1_415' title='bbox 462 4149 574 4208; x_wconf 87' lang='lat' dir='ltr'><strong>infiniti.</strong></span> <span class='ocrx_word' id='word_1_416' title='bbox 608 4151 645 4208; x_wconf 66' lang='lat' dir='ltr'><strong>lit</strong></span> <span class='ocrx_word' id='word_1_417' title='bbox 660 4151 760 4212; x_wconf 85' lang='lat' dir='ltr'><strong>delinit</strong></span> <span class='ocrx_word' id='word_1_418' title='bbox 775 4153 803 4211; x_wconf 92' lang='lat' dir='ltr'><strong>id</strong></span> <span class='ocrx_word' id='word_1_419' title='bbox 820 4171 883 4230; x_wconf 91' lang='lat' dir='ltr'><strong>cap.</strong></span> <span class='ocrx_word' id='word_1_420' title='bbox 902 4161 929 4213; x_wconf 88' lang='grc'><strong>6.</strong></span> <span class='ocrx_word' id='word_1_421' title='bbox 955 4156 1033 4230; x_wconf 90' lang='lat' dir='ltr'><strong>quod</strong></span> <span class='ocrx_word' id='word_1_422' title='bbox 1050 4157 1192 4217; x_wconf 88' lang='lat' dir='ltr'><strong>infinitum</strong></span> <span class='ocrx_word' id='word_1_423' title='bbox 1215 4162 1261 4230; x_wconf 93' lang='lat' dir='ltr'><strong>sit,</strong></span> <span class='ocrx_word' id='word_1_424' title='bbox 1286 4159 1364 4233; x_wconf 88' lang='lat' dir='ltr'><strong>quod</strong></span> <span class='ocrx_word' id='word_1_425' title='bbox 1381 4159 1544 4219; x_wconf 81' lang='lat' dir='ltr'><strong>secrrndnrn</strong></span> <span class='ocrx_word' id='word_1_426' title='bbox 1560 4179 1657 4237; x_wconf 85' lang='lat' dir='ltr'><strong>quan-</strong></span> 
     </span>
     <span class='ocr_line' id='line_1_42' title="bbox 295 4239 1657 4322; baseline 0.007 -24"><span class='ocrx_word' id='word_1_427' title='bbox 295 4241 408 4298; x_wconf 89' lang='lat' dir='ltr'><strong>titatem</strong></span> <span class='ocrx_word' id='word_1_428' title='bbox 432 4247 594 4296; x_wconf 91' lang='lat' dir='ltr'><strong>assumtum</strong></span> <span class='ocrx_word' id='word_1_429' title='bbox 610 4239 651 4295; x_wconf 90' lang='lat' dir='ltr'><strong>ita</strong></span> <span class='ocrx_word' id='word_1_430' title='bbox 667 4257 731 4298; x_wconf 85' lang='lat' dir='ltr'><strong>sese</strong></span> <span class='ocrx_word' id='word_1_431' title='bbox 754 4240 870 4312; x_wconf 90' lang='lat' dir='ltr'><strong>babeat,</strong></span> <span class='ocrx_word' id='word_1_432' title='bbox 896 4249 928 4299; x_wconf 93' lang='lat' dir='ltr'><strong>ut</strong></span> <span class='ocrx_word' id='word_1_433' title='bbox 950 4261 1062 4319; x_wconf 88' lang='lat' dir='ltr'><strong>semper</strong></span> <span class='ocrx_word' id='word_1_434' title='bbox 1085 4245 1194 4320; x_wconf 88' lang='lat' dir='ltr'><strong>aliquid</strong></span> <span class='ocrx_word' id='word_1_435' title='bbox 1212 4248 1339 4306; x_wconf 85' lang='lat' dir='ltr'><strong>exterius</strong></span> <span class='ocrx_word' id='word_1_436' title='bbox 1357 4248 1432 4304; x_wconf 92' lang='lat' dir='ltr'><strong>sumi</strong></span> <span class='ocrx_word' id='word_1_437' title='bbox 1449 4251 1554 4322; x_wconf 87' lang='lat' dir='ltr'><strong>possit</strong></span> <span class='ocrx_word' id='word_1_438' title='bbox 1593 4248 1657 4307; x_wconf 90' lang='lat' dir='ltr'><strong>Ita-</strong></span> 
     </span>
     <span class='ocr_line' id='line_1_43' title="bbox 256 4324 1655 4409; baseline 0.009 -27"><span class='ocrx_word' id='word_1_439' title='bbox 256 4399 258 4408; x_wconf 17' lang='grc' dir='ltr'><em>γ</em></span> <span class='ocrx_word' id='word_1_440' title='bbox 295 4341 353 4402; x_wconf 88' lang='lat' dir='ltr'><strong>que</strong></span> <span class='ocrx_word' id='word_1_441' title='bbox 376 4342 441 4383; x_wconf 89' lang='lat' dir='ltr'><strong>curn</strong></span> <span class='ocrx_word' id='word_1_442' title='bbox 464 4341 527 4398; x_wconf 91' lang='lat' dir='ltr'><strong>nos,</strong></span> <span class='ocrx_word' id='word_1_443' title='bbox 553 4324 588 4382; x_wconf 91' lang='lat' dir='ltr'><strong>da</strong></span> <span class='ocrx_word' id='word_1_444' title='bbox 604 4329 731 4384; x_wconf 89' lang='lat' dir='ltr'><strong>numeris</strong></span> <span class='ocrx_word' id='word_1_445' title='bbox 754 4335 783 4386; x_wconf 90' lang='lat' dir='ltr'><strong>et</strong></span> <span class='ocrx_word' id='word_1_446' title='bbox 797 4329 1045 4404; x_wconf 90' lang='lat' dir='ltr'><strong>magnitudinibus</strong></span> <span class='ocrx_word' id='word_1_447' title='bbox 1061 4335 1232 4407; x_wconf 87' lang='lat' dir='ltr'><strong>cogitantes,</strong></span> <span class='ocrx_word' id='word_1_448' title='bbox 1256 4351 1407 4409; x_wconf 91' lang='lat' dir='ltr'><strong>nunquam</strong></span> <span class='ocrx_word' id='word_1_449' title='bbox 1422 4352 1505 4393; x_wconf 89' lang='lat' dir='ltr'><strong>urens</strong></span> <span class='ocrx_word' id='word_1_450' title='bbox 1528 4334 1655 4409; x_wconf 84' lang='lat' dir='ltr'><strong>deficiat,</strong></span> 
     </span>
     <span class='ocr_line' id='line_1_44' title="bbox 295 4414 1655 4499; baseline 0.01 -29"><span class='ocrx_word' id='word_1_451' title='bbox 295 4414 364 4486; x_wconf 89' lang='lat' dir='ltr'><strong>quin</strong></span> <span class='ocrx_word' id='word_1_452' title='bbox 396 4429 511 4485; x_wconf 83' lang='lat' dir='ltr'><strong>semper</strong></span> <span class='ocrx_word' id='word_1_453' title='bbox 542 4420 572 4470; x_wconf 90' lang='lat' dir='ltr'><strong>et</strong></span> <span class='ocrx_word' id='word_1_454' title='bbox 602 4415 709 4488; x_wconf 88' lang='lat' dir='ltr'><strong>quovis</strong></span> <span class='ocrx_word' id='word_1_455' title='bbox 737 4431 856 4474; x_wconf 90' lang='lat' dir='ltr'><strong>numero</strong></span> <span class='ocrx_word' id='word_1_456' title='bbox 879 4414 959 4491; x_wconf 90' lang='lat' dir='ltr'><strong>plus,</strong></span> <span class='ocrx_word' id='word_1_457' title='bbox 992 4421 1097 4493; x_wconf 88' lang='lat' dir='ltr'><strong>quavis</strong></span> <span class='ocrx_word' id='word_1_458' title='bbox 1129 4437 1198 4478; x_wconf 88' lang='lat' dir='ltr'><strong>vcro</strong></span> <span class='ocrx_word' id='word_1_459' title='bbox 1222 4421 1423 4496; x_wconf 82' lang='lat' dir='ltr'><strong>magnitudine</strong></span> <span class='ocrx_word' id='word_1_460' title='bbox 1456 4422 1554 4497; x_wconf 88' lang='lat' dir='ltr'><strong>majus</strong></span> <span class='ocrx_word' id='word_1_461' title='bbox 1583 4424 1655 4499; x_wconf 91' lang='lat' dir='ltr'><strong>quid</strong></span> 
     </span>
     <span class='ocr_line' id='line_1_45' title="bbox 234 4501 1653 4585; baseline 0.009 -30"><span class='ocrx_word' id='word_1_462' title='bbox 234 4509 237 4513; x_wconf 84' lang='grc'><em>·</em></span> <span class='ocrx_word' id='word_1_463' title='bbox 297 4501 425 4572; x_wconf 90' lang='lat' dir='ltr'><strong>cogitare</strong></span> <span class='ocrx_word' id='word_1_464' title='bbox 449 4501 614 4576; x_wconf 87' lang='lat' dir='ltr'><strong>possimus:</strong></span> <span class='ocrx_word' id='word_1_465' title='bbox 645 4517 680 4559; x_wconf 88' lang='lat' dir='ltr'><strong>ex</strong></span> <span class='ocrx_word' id='word_1_466' title='bbox 704 4519 738 4560; x_wconf 94' lang='lat' dir='ltr'><strong>eo</strong></span> <span class='ocrx_word' id='word_1_467' title='bbox 761 4519 820 4560; x_wconf 91' lang='lat' dir='ltr'><strong>non</strong></span> <span class='ocrx_word' id='word_1_468' title='bbox 843 4503 949 4577; x_wconf 83' lang='lat' dir='ltr'><strong>injuria</strong></span> <span class='ocrx_word' id='word_1_469' title='bbox 971 4504 1107 4563; x_wconf 84' lang='lat' dir='ltr'><strong>videatur</strong></span> <span class='ocrx_word' id='word_1_470' title='bbox 1129 4507 1227 4580; x_wconf 89' lang='lat' dir='ltr'><strong>alicui,</strong></span> <span class='ocrx_word' id='word_1_471' title='bbox 1253 4509 1427 4567; x_wconf 86' lang='lat' dir='ltr'><strong>infinitatem</strong></span> <span class='ocrx_word' id='word_1_472' title='bbox 1450 4515 1601 4585; x_wconf 88' lang='lat' dir='ltr'><strong>quandam</strong></span> <span class='ocrx_word' id='word_1_473' title='bbox 1626 4513 1653 4569; x_wconf 91' lang='lat' dir='ltr'><strong>in</strong></span> 
     </span>
     <span class='ocr_line' id='line_1_46' title="bbox 295 4586 1653 4660; baseline 0.01 -18"><span class='ocrx_word' id='word_1_474' title='bbox 295 4588 423 4644; x_wconf 89' lang='lat' dir='ltr'><strong>numeris</strong></span> <span class='ocrx_word' id='word_1_475' title='bbox 453 4595 482 4645; x_wconf 91' lang='lat' dir='ltr'><strong>et</strong></span> <span class='ocrx_word' id='word_1_476' title='bbox 504 4586 755 4660; x_wconf 85' lang='lat' dir='ltr'><strong>magnitudinibus</strong></span> <span class='ocrx_word' id='word_1_477' title='bbox 779 4591 882 4648; x_wconf 87' lang='lat' dir='ltr'><strong>inesse.</strong></span> <span class='ocrx_word' id='word_1_478' title='bbox 918 4588 995 4647; x_wconf 86' lang='lat' dir='ltr'><strong>Num</strong></span> <span class='ocrx_word' id='word_1_479' title='bbox 1018 4595 1042 4648; x_wconf 91' lang='lat' dir='ltr'><strong>si</strong></span> <span class='ocrx_word' id='word_1_480' title='bbox 1066 4591 1128 4650; x_wconf 89' lang='lat' dir='ltr'><strong>ulla</strong></span> <span class='ocrx_word' id='word_1_481' title='bbox 1155 4597 1230 4653; x_wconf 89' lang='lat' dir='ltr'><strong>inest</strong></span> <span class='ocrx_word' id='word_1_482' title='bbox 1258 4598 1288 4652; x_wconf 92' lang='lat' dir='ltr'><strong>in</strong></span> <span class='ocrx_word' id='word_1_483' title='bbox 1311 4596 1400 4654; x_wconf 90' lang='lat' dir='ltr'><strong>rebus</strong></span> <span class='ocrx_word' id='word_1_484' title='bbox 1423 4599 1532 4657; x_wconf 88' lang='lat' dir='ltr'><strong>creatis</strong></span> <span class='ocrx_word' id='word_1_485' title='bbox 1555 4599 1653 4656; x_wconf 82' lang='lat' dir='ltr'><strong>intini-</strong></span> 
     </span>
     <span class='ocr_line' id='line_1_47' title="bbox 295 4670 1652 4760; baseline 0.012 -31"><span class='ocrx_word' id='word_1_486' title='bbox 295 4678 357 4741; x_wconf 89' lang='lat' dir='ltr'><strong>tas,</strong></span> <span class='ocrx_word' id='word_1_487' title='bbox 388 4670 424 4730; x_wconf 91' lang='lat' dir='ltr'><strong>do</strong></span> <span class='ocrx_word' id='word_1_488' title='bbox 446 4690 505 4748; x_wconf 87' lang='lat' dir='ltr'><strong>qua</strong></span> <span class='ocrx_word' id='word_1_489' title='bbox 527 4682 587 4732; x_wconf 91' lang='lat' dir='ltr'><strong>tam</strong></span> <span class='ocrx_word' id='word_1_490' title='bbox 610 4673 703 4732; x_wconf 90' lang='lat' dir='ltr'><strong>multa</strong></span> <span class='ocrx_word' id='word_1_491' title='bbox 725 4675 874 4750; x_wconf 89' lang='lat' dir='ltr'><strong>disputant</strong></span> <span class='ocrx_word' id='word_1_492' title='bbox 897 4692 996 4734; x_wconf 89' lang='lat' dir='ltr'><strong>omues</strong></span> <span class='ocrx_word' id='word_1_493' title='bbox 1020 4679 1078 4737; x_wconf 88' lang='lat' dir='ltr'><strong>lere</strong></span> <span class='ocrx_word' id='word_1_494' title='bbox 1101 4679 1283 4757; x_wconf 88' lang='lat' dir='ltr'><strong>philosophi,</strong></span> <span class='ocrx_word' id='word_1_495' title='bbox 1315 4681 1367 4742; x_wconf 91' lang='lat' dir='ltr'><strong>illa</strong></span> <span class='ocrx_word' id='word_1_496' title='bbox 1390 4692 1469 4743; x_wconf 86' lang='lat' dir='ltr'><strong>certe</strong></span> <span class='ocrx_word' id='word_1_497' title='bbox 1493 4687 1522 4742; x_wconf 91' lang='lat' dir='ltr'><strong>in</strong></span> <span class='ocrx_word' id='word_1_498' title='bbox 1546 4703 1652 4760; x_wconf 87' lang='lat' dir='ltr'><strong>genere</strong></span> 
     </span>
     <span class='ocr_line' id='line_1_48' title="bbox 296 4763 1649 4854; baseline 0.015 -40"><span class='ocrx_word' id='word_1_499' title='bbox 296 4766 471 4849; x_wconf 85' lang='lat' dir='ltr'><strong>quantorum</strong></span> <span class='ocrx_word' id='word_1_500' title='bbox 492 4763 688 4842; x_wconf 86' lang='lat' dir='ltr'><strong>conspiciatur</strong></span> <span class='ocrx_word' id='word_1_501' title='bbox 709 4778 827 4822; x_wconf 88' lang='lat' dir='ltr'><strong>necesse</strong></span> <span class='ocrx_word' id='word_1_502' title='bbox 850 4769 904 4822; x_wconf 88' lang='lat' dir='ltr'><strong>est.</strong></span> <span class='ocrx_word' id='word_1_503' title='bbox 927 4763 998 4838; x_wconf 85' lang='grc' dir='ltr'><strong>(ΙΙΙ.</strong></span> <span class='ocrx_word' id='word_1_504' title='bbox 1013 4764 1103 4844; x_wconf 88' lang='lat' dir='ltr'><strong>Phys.</strong></span> <span class='ocrx_word' id='word_1_505' title='bbox 1127 4784 1190 4848; x_wconf 87' lang='lat' dir='ltr'><strong>cap.</strong></span> <span class='ocrx_word' id='word_1_506' title='bbox 1209 4771 1251 4848; x_wconf 82' lang='grc'><strong>5.)</strong></span> <span class='ocrx_word' id='word_1_507' title='bbox 1281 4769 1450 4851; x_wconf 61' lang='lat' dir='ltr'><strong>,Quaeritur</strong></span> <span class='ocrx_word' id='word_1_508' title='bbox 1472 4774 1587 4854; x_wconf 87' lang='lat' dir='ltr'><strong>itaque,</strong></span> <span class='ocrx_word' id='word_1_509' title='bbox 1611 4791 1649 4834; x_wconf 87' lang='lat' dir='ltr'><strong>aa</strong></span> 
     </span>
    </p>
   </div>
   <div class='ocr_carea' id='block_1_21' title="bbox 763 4919 770 4951">
    <p class='ocr_par' dir='ltr' id='par_1_23' title="bbox 763 4919 770 4951">
     <span class='ocr_line' id='line_1_49' title="bbox 763 4919 770 4951; baseline 0 0"><span class='ocrx_word' id='word_1_510' title='bbox 763 4919 770 4951; x_wconf 93' lang='lat' dir='ltr'><strong>l</strong></span> 
     </span>
    </p>
   </div>
   <div class='ocr_carea' id='block_1_22' title="bbox 0 0 1722 5412">
    <p class='ocr_par' dir='ltr' id='par_1_24' title="bbox 0 0 1722 5412">
     <span class='ocr_line' id='line_1_50' title="bbox 0 0 1722 5412; baseline 0 0"><span class='ocrx_word' id='word_1_511' title='bbox 0 0 1722 5412; x_wconf 95' lang='lat' dir='ltr'><strong> </strong></span> 
     </span>
    </p>
   </div>
  </div>
 </body>
</html>
