3478 5424
636 411 664 470 iu
682 409 755 472 Orbe
771 408 874 472 lancee.
1382 401 1435 482 ¹8¹3

22 591 28 644 7
88 590 210 652 iniesiorl
234 590 301 652 loeo
323 591 522 654 circuitionem
545 599 575 653 et
596 594 733 672 sptium,
756 599 899 669 quntum
921 599 966 654 esi
987 609 1008 652 e
1028 589 1119 654 Terre
1140 605 1235 669 usqne
1257 590 1295 653 ed
1311 591 1435 654 cunm

22 715 23 722 κ
87 678 158 738 ilem
182 691 279 756 neone
300 683 328 739 is
348 697 401 758 por
423 683 523 741 omnin
543 680 677 741 modicus
699 688 758 755 est,
786 682 836 756 qul
859 686 1017 740 extremum
1044 678 1117 740 coeli
1138 677 1320 757 superficiem
1342 679 1438 740 solem

22 827 26 848 ,
87 781 220 842 superem
251 765 398 845 appellet,
429 776 527 828 estere
556 771 654 829 omnis
684 768 793 840 iniere,
821 783 918 845 neque
939 767 1028 828 etism
1051 765 1102 826 ille
1122 765 1239 826 tolereri
1261 766 1362 841 debet,
1385 768 1437 846 qui

23 893 24 896 ,
88 851 182 912 lucum
205 851 329 914 inierum
358 854 424 915 sols
445 855 550 928 Terre,
582 855 740 916 imovero
769 855 834 915 solo
862 867 962 916 centro
989 853 1212 928 circumscribit,
1242 856 1312 932 quin
1342 856 1433 915 etism

85 939 204 1000 mobilis
225 937 307 1022 (suut
326 943 420 1003 iniere
441 941 591 1004 stlocum
613 943 680 1003 ideo
709 941 877 1020 postulent,
907 943 938 1000 in
961 957 1021 1018 ouo
1047 949 1144 1001 motus
1172 957 1241 1002 suos
1269 941 1434 1023 erereceui)

86 1027 191 1088 mundo
212 1027 282 1088 buic
304 1031 420 1104 (eorum
442 1032 580 1104 miurus)
601 1030 687 1092 icelle
705 1028 881 1091 documento
903 1026 1090 1090 interrelluru
1111 1027 1243 1088 debitum
1265 1031 1304 1090 ob
1318 1032 1435 1108 magui·

22 1163 24 1172 ,
85 1114 222 1176 udinem
267 1115 304 1175 lii
327 1133 408 1192 vero,
431 1119 483 1194 qni
505 1116 622 1192 damst,
644 1118 744 1178 surim
766 1124 856 1194 stoue
878 1115 951 1193 quid
971 1115 1021 1178 rel
1040 1115 1133 1176 letum
1155 1114 1279 1194 digitum
1302 1117 1434 1178 elene

22 1241 24 1264 2
85 1203 246 1278 meruerit,
276 1203 401 1264 sublime
425 1199 546 1264 id'eess
567 1213 598 1266 el
620 1220 773 1283 superum,
803 1205 934 1264 messim
958 1203 1133 1265 rselsmsbic
1154 1219 1172 1264 e
1195 1205 1320 1281 religio
1347 1204 1433 1280 ebus,

88 1293 183 1350 sisilm
205 1299 295 1368 sique
318 1291 391 1368 quid
411 1291 449 1353 de
470 1291 596 1368 spbsers
616 1292 740 1354 brucus
760 1293 920 1366 recesserit,
943 1291 1067 1352 inferum
1088 1299 1163 1350 esse·
1269 1297 1273 1302 ’

187 1376 225 1436 ln
246 1380 414 1440 uuirmsum
437 1395 507 1439 sero
529 1395 660 1452 pnserere
678 1381 763 1454 lubet,
786 1377 963 1456 quommodo
986 1377 1098 1439 dicetur
1119 1377 1210 1438 'Perre
1228 1376 1357 1439 modium
1379 1378 1435 1438 ob-

89 1465 180 1526 iicere
201 1472 232 1524 et
253 1465 337 1543 cujus
358 1465 436 1527 reli·
453 1465 563 1526 'l'oiunr
583 1468 660 1527 euim
683 1468 852 1527 univercum
874 1465 1020 1540 inlinitum
1041 1473 1095 1538 est,
1118 1463 1231 1524 infinito
1255 1481 1334 1539 vero,
1357 1465 1436 1542 quod

88 1567 137 1611 nec
159 1553 277 1614 inicium
297 1569 353 1613 uec
374 1556 528 1615 terminum
549 1551 656 1626 bubni,
687 1569 740 1614 nec
763 1556 901 1614 convenit
925 1560 957 1620 ui
979 1552 1088 1614 hubert
1108 1550 1245 1612 medium.
1284 1551 1337 1613 Est
1359 1555 1435 1613 enim

88 1645 115 1698 ei
135 1637 266 1699 medium
288 1642 429 1700 terminus
450 1639 574 1718 aliquis,
602 1637 731 1702 infinitus
759 1657 829 1701 sero
857 1649 903 1700 est
930 1641 1057 1718 privatio
1080 1641 1277 1700 terminorum.
1322 1638 1434 1716 Quodsi

89 1728 150 1802 onis
172 1725 366 1804 respondent,
398 1729 516 1788 Terram
538 1744 597 1787 uon
619 1729 712 1805 ipsius
734 1729 878 1803 universi,
905 1727 956 1788 sed
978 1726 1083 1788 sellem
1104 1725 1205 1786 muudi
1227 1725 1355 1787 medium
1379 1728 1435 1788 ob·

90 1814 199 1886 cincre,
227 1816 254 1874 is
276 1816 408 1874 sueriter
429 1827 570 1893 superor,
593 1817 619 1872 si
640 1829 699 1874 uon
722 1813 818 1889 videt,
841 1815 937 1892 ipsum
959 1817 1048 1876 etism
1070 1812 1209 1874 mundum
1230 1813 1335 1875 iisdem
1357 1813 1436 1874 diii·

22 1977 24 1986 .
91 1900 249 1962 culistibne
272 1903 385 1964 irretiri.
429 1899 506 1962 llum
526 1905 622 1980 ipsum
645 1909 739 1962 totum
762 1903 930 1962 uuiversum
952 1919 989 1962 us
1011 1900 1079 1962 buic
1101 1900 1220 1978 quidem
1240 1901 1349 1962 mundo
1372 1917 1436 1962 me-

91 1986 165 2048 dium
190 1987 323 2065 reliquit,
352 1987 406 2049 sed
428 1997 554 2066 regetur
576 1988 625 2049 ille
647 1990 677 2046 in
700 1988 812 2048 indulto
835 2003 947 2064 renuo,
976 1989 1039 2049 sine
1061 1987 1137 2066 lere,
1168 1990 1231 2048 siue
1253 1998 1333 2050 certe
1354 1988 1434 2064 sede,

85 2091 138 2134 uon
174 2076 265 2136 iertur
294 2075 333 2136 sd
362 2075 476 2153 eborld
502 2077 559 2138 sibl
586 2075 746 2151 ismillsre3
778 2079 877 2136 sutsl
898 2075 988 2136 ulium
1015 2075 1145 2153 eliquenr
1171 2078 1278 2152 reperit
1299 2075 1435 2137 menendi

88 2177 220 2236 censum,
242 2165 373 2224 constitit
395 2163 531 2240 equidem
552 2179 611 2225 non
632 2163 793 2224 secuudum
814 2163 874 2224 lusi
895 2171 1038 2225 colurum.
1066 2161 1179 2224 Similis
1203 2162 1241 2222 de
1262 2163 1347 2224 Lucu
1368 2161 1437 2226 licet

22 2273 23 2294 2
86 2249 257 2325 conjecisse,
280 2249 361 2328 quod
383 2250 501 2311 diverse
522 2252 622 2312 enims
642 2258 673 2311 ei
693 2259 800 2312 uetere
813 2245 854 2328 Ι4)
882 2253 976 2328 msgls
997 2249 1068 2327 (sue
1095 2265 1183 2327 quem
1205 2250 1276 2328 loci)
1307 2251 1395 2310 distet
1417 2268 1435 2311 s

22 2353 24 2414 j
86 2335 178 2396 urrdio
202 2333 251 2420 (et
264 2337 425 2400 secuudum
447 2337 502 2399 bus
523 2349 642 2398 unium
663 2337 766 2398 Lunae
788 2346 818 2398 et
832 2338 940 2399 Torius
956 2340 1130 2398 exstirerunt
1151 2339 1241 2414 etium
1255 2339 1330 2399 ietse
1346 2353 1436 2399 ceuse

84 2419 194 2506 notu)
217 2423 407 2500 differentiae,
429 2425 511 2504 quod
533 2426 625 2486 nitere
647 2424 764 2501 quidem
786 2425 834 2487 ile
856 2425 958 2487 beust
978 2428 1108 2500 immota,
1132 2423 1185 2486 ills
1205 2426 1325 2503 iusuper
1346 2427 1435 2486 etiem

85 2511 289 2572 eburneum.

22 2669 24 2674 ι
186 2598 311 2676 Propter
340 2599 415 2660 isse
442 2597 510 2659 ride
540 2600 646 2672 uum,
679 2615 718 2659 ne
744 2614 852 2677 mogus
879 2615 926 2660 res
956 2601 1036 2676 ipsos
1064 2598 1191 2660 leiserio.
1236 2597 1270 2660 di
1291 2600 1369 2661 enlm
1390 2615 1437 2662 ree

22 2717 23 2720 ¹
88 2698 280 2763 queemnqoe
304 2693 334 2746 et
355 2685 495 2763 uunquid
516 2687 635 2746 omnino
658 2695 703 2746 est
725 2694 808 2746 exire
829 2694 958 2748 centrum
981 2685 1105 2760 Terras,
1128 2684 1158 2745 id
1182 2688 1303 2770 omnino
1323 2703 1436 2748 sumum

85 2779 136 2846 esi,
159 2771 245 2833 nulls
266 2790 335 2850 pure
356 2771 458 2833 muudi
479 2774 534 2833 erit
555 2773 657 2849 iniere,
679 2773 731 2833 sed
753 2776 828 2834 inter
850 2789 956 2850 supera
979 2776 1033 2834 srli
1048 2780 1078 2834 et
1092 2773 1184 2834 'lerrs
1205 2781 1234 2834 et
1256 2789 1332 2852 qnae
1349 2791 1437 2852 super
1534 2792 1536 2797 ·

85 2858 173 2919 Terre
195 2867 227 2920 et
249 2860 420 2938 simplicitur
440 2876 527 2920 curce
548 2875 664 2938 corpus,
685 2861 765 2938 quod
788 2861 864 2921 circs
886 2867 1015 2922 cecum
1038 2861 1171 2920 consistit
1191 2867 1245 2920 unt
1266 2862 1437 2938 circumiec-

86 2955 144 3006 tum
166 2955 228 3022 eet,
260 2963 399 3026 superum
420 2947 485 3024 flei3
516 2947 639 3008 inferum
668 2963 753 3023 reru,
784 2963 850 3009 curn
879 2951 918 3007 slt
947 2947 1147 3008 tntummodo
1174 2965 1264 3008 uuum
1286 2957 1437 3026 puuctum,

86 3032 197 3095 scilieet
219 3033 296 3096 illud
316 3037 529 3112 incorporeum,
551 3051 672 3097 neeesse
695 3037 750 3095 erle
771 3035 801 3096 ld
823 3037 902 3096 omni
917 3033 1153 3096 mnudinstorse
1168 3037 1286 3114 opponi.
1324 3033 1438 3113 Quodsi

22 3131 23 3142 *
85 3119 166 3182 loeus
189 3139 316 3200 superus
337 3121 497 3183 secundnm
518 3129 653 3184 ustorum
676 3117 956 3200 opperitur'iiriero,
979 3123 1034 3182 erit
1054 3137 1113 3182 non
1134 3122 1192 3183 lroo
1213 3121 1308 3184 solum
1330 3124 1437 3184 absur-

84 3206 165 3285 dum,
190 3209 246 3270 sed
268 3219 298 3270 et
319 3227 439 3270 csumm
461 3207 583 3287 perdent
603 3211 722 3286 pavie,
750 3209 788 3270 ob
811 3226 900 3288 quoru
921 3225 1024 3270 sersus
1045 3209 1124 3271 bunc
1144 3210 1240 3270 locum
1262 3218 1386 3286 sergent
1407 3219 1438 3272 et

84 3295 228 3373 leratorp
252 3296 364 3356 nullum
387 3300 463 3358 enirn
486 3295 542 3358 erit
562 3313 667 3374 corpus
688 3300 719 3354 in
740 3295 807 3358 loco
828 3297 930 3371 iniero,
960 3295 998 3356 sd
1020 3297 1100 3373 quod
1121 3296 1259 3358 ferentur.
1296 3296 1333 3358 ld
1355 3315 1435 3372 sero,

87 3383 166 3458 quod
188 3392 237 3444 est
258 3386 467 3462 incorporeum,
490 3399 587 3461 usque
608 3400 662 3461 per
683 3391 737 3458 est,
759 3399 814 3444 uec
835 3386 891 3462 ipsi
914 3391 1055 3459 slsiuuni,
1070 3391 1189 3445 ¹centrum
1211 3384 1319 3446 bebere
1339 3385 1436 3445 iscul-

86 3477 189 3544 isiem,
217 3478 253 3530 ut
274 3475 373 3532 omniu
395 3474 424 3532 ln
445 3489 480 3532 se
501 3470 630 3532 sttrulm
651 3479 681 3532 ei
702 3475 780 3531 circu
801 3487 834 3532 se
857 3471 1020 3543 continent,
1043 3471 1096 3532 sed
1118 3478 1215 3532 tumen
1238 3472 1436 3533 irrationabile

85 3554 313 3634 deprehenditur
334 3566 363 3619 st
385 3560 560 3620 cunirsrium
582 3560 670 3620 rebus
690 3560 772 3636 ipsis,
796 3565 830 3618 ui
850 3565 931 3619 totus
945 3557 1063 3635 quidem
1077 3559 1203 3620 mundus
1217 3560 1255 3618 sit
1277 3574 1436 3638 supernum

83 3642 167 3719 illud,
196 3652 231 3706 et
252 3646 395 3706 inieruunr
423 3648 463 3706 sit
484 3641 557 3704 nibil
578 3647 636 3706 uiri
662 3647 802 3706 terminus
824 3654 854 3706 et
881 3646 1011 3722 eorporis
1032 3653 1062 3706 et
1088 3649 1176 3723 spatii
1198 3661 1311 3724 expers.
1356 3645 1435 3710 Illud

82 3740 182 3794 conus
213 3743 443 3812 consenuneurn
466 3741 497 3794 et
517 3732 684 3809 probabile,
715 3731 795 3810 quod
816 3747 870 3793 uos
897 3731 1037 3806 diurnus,
1066 3739 1096 3793 et
1120 3748 1247 3812 superno
1269 3740 1299 3795 et
1320 3734 1433 3796 iuiemo

22 3873 23 3876 ,
83 3817 239 3880 diremtum
261 3837 326 3882 me
346 3823 495 3898 regionem
517 3819 639 3882 melsun
660 3828 691 3880 et
711 3820 812 3880 lstsm.

22 3933 24 3938 v
186 3906 298 3968 Verum
320 3909 397 3968 enim
420 3924 491 3967 vero
513 3923 666 3985 ponemus,
690 3905 809 3984 qusndo
831 3907 875 3968 ite
889 3908 942 3980 uls,
965 3914 1063 3966 motus
1078 3905 1145 3966 illos
1159 3907 1280 3968 terrenis
1302 3907 1433 3969 lucceio

82 4003 197 4071 prester
219 4001 355 4056 neturuur
375 4009 458 4055 susm
478 4005 654 4072 conpctsue,
678 3996 785 4070 quiete,
807 4009 866 4054 nou
882 4000 1029 4054 commoto
1049 4000 1146 4055 mente
1169 3999 1202 4054 ut
1223 3997 1253 4054 lu
1268 3995 1436 4073 tragoediis,
1472 4037 1475 4052 ,

22 4099 23 4112 ἢ
82 4080 132 4142 sed
152 4079 262 4142 sedsto
284 4084 381 4142 snimo
404 4081 629 4156 considemus,
652 4081 708 4142 bec
730 4099 761 4142 re
782 4097 841 4142 nou
864 4079 936 4142 illud
959 4081 1163 4154 demonstrari,
1186 4080 1266 4158 qood
1288 4081 1374 4144 Luce
1395 4085 1436 4143 sit

22 4203 23 4208 κ
83 4176 185 4242 umes,
209 4167 264 4234 sed
287 4167 368 4242 illud,
391 4169 468 4229 benc
489 4169 596 4231 Tereus
619 4171 812 4246 (portionem,
836 4184 912 4245 quse
935 4177 980 4228 esi
1001 4171 1032 4226 iu
1053 4166 1153 4252 Luna)
1174 4170 1204 4228 in
1226 4167 1292 4230 ioco
1315 4171 1436 4244 versui,

82 4256 136 4316 sisi
159 4273 180 4317 s
202 4263 311 4316 nuiurs
333 4271 468 4316 euenor
490 4257 609 4319 tributo.
640 4255 727 4316 dium
750 4264 780 4316 ei
801 4257 877 4332 ignis
899 4255 1041 4316 eetlrueus
1067 4255 1124 4316 snb
1146 4253 1237 4317 Terre
1265 4265 1311 4318 est
1335 4265 1436 4318 contre

23 4361 24 4364 ¹
82 4351 221 4404 mtursm
242 4361 337 4418 suem,
360 4345 436 4421 iguis
458 4351 556 4404 umen
578 4351 632 4417 est,
654 4349 687 4404 et
706 4344 825 4419 spiritus
847 4343 961 4404 cuibus
976 4349 1013 4403 et
1032 4342 1152 4403 iollibus
1175 4359 1358 4421 compressus
1371 4359 1435 4403 uu·

22 4421 41 4524 ᾗ
84 4437 148 4491 im
169 4429 295 4508 quidem
316 4447 509 4492 succursum
530 4431 596 4491 ierri
618 4437 705 4505 spons
720 4437 751 4491 et
764 4429 840 4491 ieris
854 4438 907 4506 eet,
930 4432 1064 4508 pervenit
1080 4437 1178 4491 tumen
1192 4445 1238 4507 eo,
1256 4446 1315 4508 quc
1329 4436 1435 4491 ueturs

84 4533 147 4580 eum
168 4535 229 4580 sun
250 4535 310 4578 nun
333 4516 413 4577 ducit
433 4519 609 4578 necessitnie
631 4524 764 4592 eugenie
1470 4526 1474 4534 '

22 4605 23 4612 ’
184 4605 260 4682 Ipse
280 4605 355 4666 celeo
377 4607 475 4664 enims
495 4621 543 4666 me
564 4603 690 4684 Jupiter,
713 4605 848 4680 inquom,
871 4603 1002 4681 uunquid
1025 4613 1143 4682 propter
1163 4611 1298 4664 ustorum
1322 4603 1436 4665 incluse

22 4675 23 4678 ¹
84 4699 197 4756 tmetsr
221 4693 253 4752 in
267 4708 397 4769 corpore,
422 4691 568 4754 celerisiu
585 4691 677 4766 urdo,
700 4693 788 4767 ignes
809 4694 838 4751 in
860 4691 974 4769 frigido,
997 4701 1030 4752 ui
1049 4709 1104 4754 ros
1119 4691 1223 4765 dicitis,
1246 4694 1436 4768 inconspicua

22 4801 24 4820 ³
83 4773 214 4857 derium
234 4782 264 4840 io
286 4777 440 4840 sensibili?
476 4780 554 4841 Num
575 4781 665 4856 igitur
685 4791 803 4856 propter
824 4779 882 4839 boe
902 4778 1013 4839 nullum
1035 4781 1065 4836 in
1088 4793 1208 4854 corpore
1235 4776 1365 4838 dicemus
1388 4779 1436 4838 iu-

22 4927 24 4956 ,
83 4883 149 4932 esse
170 4866 328 4932 nmen?
349 4865 469 4930 iiuilsrn
490 4883 552 4930 reru
574 4865 703 4928 irsusm
724 4867 781 4930 sub
803 4882 902 4930 cresso
923 4865 1069 4945 corporei
1090 4865 1157 4928 lion
1176 4863 1439 4932 cedmonaeos

1188 4965 1228 5022 θ’
1425 4980 1430 4987 ·
