3478 5424
322 373 365 447 78
604 357 608 364 ⁴
648 367 654 382 ’
837 361 1002 443 Plutarchus
1020 375 1054 436 ιιι
1071 373 1154 441 Facie

321 565 420 638 potest
441 558 503 634 ille,
527 576 603 636 quae
625 565 706 620 recta
728 577 786 620 non
809 560 946 623 ridentur
959 558 1012 620 illa
1028 561 1149 634 visione,
1173 565 1203 620 ιι
1225 559 1312 618 Luna
1333 559 1407 634 ipsa,
1431 573 1498 618 cum
1521 563 1567 618 est
1580 555 1668 634 plens,

226 647 230 654 '
321 646 504 724 speculorum
533 651 664 706 omnium
692 651 879 724 purissimum
908 657 939 710 et
959 647 1184 725 pulcherrimum
1215 654 1259 708 est
1281 645 1492 723 aequabilitate
1516 651 1545 705 et
1576 646 1668 704 nitore

320 735 425 810 ltaque
448 738 524 795 siout
547 730 664 817 (arcum
686 732 859 819 coelestem)
883 754 937 796 vos
958 737 1070 812 putatis
1092 735 1175 796 radio
1198 737 1308 794 risorio
1332 750 1433 795 versus
1454 731 1556 793 Solem
1580 748 1668 808 reper-

320 838 407 882 cusso
431 825 460 881 in
483 825 562 882 nube
586 825 730 899 conspici,
754 841 820 884 cum
844 843 880 884 ea
900 823 1052 884 humidum
1074 824 1218 899 paulatim
1245 821 1393 882 laevorem
1415 827 1445 881 et
1473 815 1669 902 (colliquatio-

319 913 402 986 nem)
425 909 564 984 induerit,
589 912 631 970 ita
653 911 834 971 existimavit
856 911 919 984 ille,
942 929 1021 971 mare
1044 919 1174 970 extorum
1198 911 1346 987 conspici,
1368 925 1405 968 ae
1426 909 1452 968 sl
1477 911 1505 965 in
1523 907 1609 966 Luna
1629 909 1669 964 ln-

319 1007 407 1070 esset,
430 1013 490 1055 non
514 997 648 1074 equidem
670 1015 707 1058 ea
728 1001 757 1056 in
780 999 909 1076 regione,
931 1001 962 1057 in
984 1015 1044 1074 qna
1066 1007 1119 1070 est,
1142 997 1194 1058 sed
1219 1001 1248 1056 in
1272 994 1334 1068 illa,
1358 994 1435 1054 unde
1457 995 1579 1055 reflexio
1601 993 1669 1052 latta

320 1087 465 1146 visionem
486 1087 616 1162 perfecit,
640 1094 808 1146 ιοιιιιιιιιιιι
830 1085 941 1146 ιιιιίιιι
963 1086 1027 1162 eius
1050 1090 1080 1144 ιι
1101 1085 1277 1146 resilientem
1294 1081 1362 1143 inde
1376 1082 1580 1157 radiationem,
1604 1083 1670 1140 sicot

323 1189 437 1232 rursum
459 1173 629 1249 Agesiansx
651 1170 761 1232 alicubi
783 1175 913 1251 scripsit:
947 1175 1010 1233 Aut
1027 1177 1117 1248 ponti
1139 1176 1291 1249 inpcntcrn
1311 1169 1545 1250 fluctuationem
1568 1169 1668 1230 adoer-

323 1277 393 1320 eum
415 1277 475 1318 aesc
494 1261 674 1338 tiumucntr'e
697 1263 800 1338 imago
820 1268 1062 1337 ιιριιιιιιιιιαιιι
1083 1260 1338 1339 ignistnrnmuntis
1357 1259 1480 1334 speculi.

426 1347 483 1406 His
505 1347 668 1408 delectatus
690 1347 975 1424 Apollonides,
998 1366 1086 1424 qnam
1108 1348 1273 1425 singularis,
1297 1348 1400 1422 inquit,
1425 1352 1455 1405 et
1475 1343 1607 1405 insolens
1623 1359 1670 1418 ap·

321 1441 442 1512 paratus
465 1443 510 1495 est
532 1433 620 1512 hujus
642 1437 799 1512 opinionis,
822 1435 942 1495 audacis
966 1452 1036 1495 vero
1058 1435 1145 1495 simul
1168 1443 1199 1495 et
1219 1435 1364 1512 ingeniosi
1386 1432 1523 1493 hominis.
1571 1430 1670 1492 Verum

323 1521 458 1582 alicunde
481 1529 510 1582 et
533 1521 749 1583 confutationes
773 1523 837 1600 ejus
859 1539 984 1584 accerse.

426 1608 564 1682 Primum,
588 1612 708 1686 inquam
724 1611 803 1687 Ego,
826 1613 851 1670 si
874 1611 962 1670 maris
984 1612 1075 1670 exteri
1096 1627 1156 1670 una
1177 1617 1223 1671 cst
1243 1609 1425 1681 substantia,
1455 1607 1626 1667 continuum
1645 1613 1670 1664 et

321 1696 352 1754 in
375 1713 407 1756 ee
429 1697 574 1756 conlluum
598 1697 733 1774 pelagus,
758 1701 903 1775 apparitio
926 1713 995 1757 vero
1018 1698 1163 1758 luecarnm
1186 1700 1215 1756 in
1231 1697 1315 1756 Luna
1337 1694 1517 1755 macularum
1534 1709 1595 1753 non
1611 1709 1668 1764 ιιι,

322 1782 374 1843 sed
398 1783 478 1843 velut
502 1785 625 1844 isthmos
651 1785 767 1862 aliquos
789 1786 911 1858 babens,
934 1783 1087 1862 splendore
1110 1793 1207 1863 partes
1224 1786 1375 1844 umbrosas
1391 1781 1542 1841 dividente
1566 1787 1596 1840 et
1618 1781 1670 1838 dis·

325 1874 512 1932 terminante:
537 1875 746 1949 quaestione,
770 1889 834 1932 oum
857 1879 969 1934 secreta
990 1875 1049 1931 sint
1070 1871 1136 1935 loca
1158 1871 1275 1949 singula
1297 1887 1427 1947 suosque
1449 1869 1560 1927 limites
1582 1869 1671 1945 possi·

324 1958 415 2018 deant
438 1958 600 2018 lucidarum
622 1962 761 2036 partium,
791 1961 921 2038 partibus
945 1961 1095 2019 umbrosis
1118 1961 1301 2019 imminentes
1329 1956 1492 2034 crepidines
1515 1953 1671 2015 altitudinis

322 2056 352 2106 et
374 2047 580 2122 profunditatis
602 2051 731 2123 speciem
754 2046 919 2120 induerunt,
943 2055 972 2106 et
987 2049 1029 2106 sic
1052 2046 1117 2106 illas
1141 2046 1291 2107 oculorum
1313 2053 1344 2106 ιι
1365 2044 1508 2104 labiorum
1532 2058 1671 2120 appareu-

290 2164 293 2172 ·
321 2143 366 2193 tes
389 2134 500 2210 efligies
524 2134 682 2194 admodum
705 2138 871 2212 propinqua
883 2133 1073 2195 similitudine
1096 2140 1307 2212 expresserunt
1339 2131 1417 2208 Ergo
1432 2142 1485 2190 aut
1500 2133 1671 2190 subenmen-

321 2223 389 2281 dum
412 2224 476 2295 erit,
499 2213 584 2298 plura
606 2239 671 2284 esse
693 2225 785 2282 maria
808 2232 916 2297 extera,
939 2221 1053 2281 isthmia
1075 2229 1104 2281 ιι
1125 2221 1341 2282 continentibus
1364 2219 1515 2296 aliquibus
1538 2219 1579 2278 ab
1603 2219 1672 2275 invi·

321 2325 383 2369 cem
407 2309 538 2383 diremta,
562 2309 640 2385 quod
664 2310 823 2370 absurdum
845 2317 876 2370 et
896 2308 1001 2369 laisum
1023 2317 1077 2383 est,
1099 2317 1152 2369 aut
1174 2312 1200 2369 si
1223 2326 1313 2368 unum
1335 2306 1434 2380 idest,
1458 2323 1518 2366 non
1538 2303 1671 2366 credibile

321 2396 362 2471 lit,
385 2397 573 2455 simulacrum
596 2396 660 2472 eJns
684 2401 726 2457 lta
748 2395 896 2456 divulsum
919 2413 1069 2474 apparere.

424 2482 503 2542 lllud
532 2483 651 2559 quidem
678 2501 818 2562 quaerere
848 2487 939 2543 tutius
967 2493 1027 2557 est,
1057 2500 1146 2559 quam
1173 2491 1202 2543 te
1233 2490 1387 2559 praesente
1414 2477 1611 2558 respondere,
1640 2495 1673 2538 an

321 2586 387 2631 oum
409 2569 561 2630 habitatus
584 2572 663 2632 orbis
686 2573 767 2630 etin
790 2571 910 2647 longum
933 2578 1033 2648 pateat
1055 2580 1085 2631 et
1100 2573 1135 2629 ln
1158 2570 1260 2643 latum,
1285 2563 1479 2646 connngaffl),
1505 2583 1623 2628 omnem
1641 2580 1672 2626 en

320 2673 416 2733 aequo
441 2659 583 2718 visionem
606 2676 625 2717 a
647 2658 735 2718 Luna
756 2658 892 2718 reflexam
915 2676 995 2718 mare
1017 2660 1198 2734 contingere,
1229 2675 1289 2717 una
1317 2673 1384 2716 cum
1415 2656 1488 2732 ipsis
1513 2651 1593 2730 (ἅμα
1609 2653 1672 2730 rore)

321 2745 531 2821 navigantibus
553 2747 583 2803 in
605 2743 657 2804 illo
680 2762 786 2823 magno
802 2749 898 2826 mari,
927 2763 978 2822 per
1001 2744 1125 2816 Jovem,
1150 2753 1179 2804 et
1201 2759 1265 2803 cum
1288 2743 1491 2804 habitantibus
1516 2745 1545 2801 in
1571 2759 1622 2816 eo,
1644 2749 1673 2799 ut

238 2880 242 2885 .
321 2832 482 2892 Britannis:
506 2849 565 2892 nou
587 2833 732 2906 obstante,
756 2833 836 2909 quod
858 2833 957 2908 Terra,
981 2840 1014 2892 ιιι
1036 2831 1159 2907 dixistis,
1183 2835 1326 2892 no-centri
1343 2829 1462 2909 quidem
1478 2833 1623 2890 rationem
1638 2827 1672 2887 ιιι

320 2920 433 2981 coelum
456 2919 557 2980 imnae
580 2914 739 2996 obnnet⁹).
785 2919 851 2980 Hoc
880 2923 980 2998 igitur,
1012 2920 1145 2996 ajebam,
1176 2917 1360 2979 considerare
1391 2921 1435 2980 tui
1459 2914 1672 2998 (Apollonidis)

323 3010 450 3068 muneris
472 3017 531 3083 est3
560 3024 625 3067 eam
650 3024 733 3082 reru,
757 3025 833 3083 qnae
855 3006 889 3066 iit
909 3008 947 3067 ad
971 3006 1099 3082 Lunam,
1127 3005 1274 3066 radiorum
1297 3013 1350 3067 aut
1372 3009 1454 3066 visus
1476 3005 1672 3077 reflexionem,

319 3112 376 3154 non
395 3093 458 3172 jam
482 3099 534 3168 tui,
558 3093 639 3170 (sed)
662 3094 832 3172 Hipparchi.
878 3093 1068 3172 Quanquam,
1098 3096 1139 3156 mi
1162 3093 1314 3170 Lampeia,
1338 3093 1530 3177 multisunt,
1570 3091 1673 3170 quihus

320 3185 345 3241 ιι
368 3199 426 3260 non
448 3182 554 3258 placet,
579 3181 648 3241 dum
670 3191 804 3242 naturam
820 3184 902 3241 visne
922 3181 1056 3257 explicat,
1079 3189 1211 3242 stamens
1234 3181 1329 3260 (illum
1353 3179 1452 3258 egredi
1476 3179 1514 3240 ad
1538 3177 1673 3240 visibilia.
1726 3173 1730 3238 l

319 3269 360 3327 Αι
382 3285 452 3328 vero
472 3272 612 3346 corporis)
635 3272 732 3346 ipsum
753 3272 874 3328 retinere
889 3283 1047 3328 consonam
1069 3272 1237 3346 temperiem
1262 3275 1292 3328 et
1314 3271 1530 3329 concretionem
1546 3283 1669 3327 consen·

319 3363 436 3416 tansum
452 3363 497 3415 est
512 3358 614 3431 magis,
638 3373 726 3433 quam
746 3355 954 3430 eiaculationes
969 3357 1068 3415 nescio
1084 3374 1158 3433 quas
1174 3363 1204 3417 et
1225 3355 1433 3417 resultationes
1448 3372 1502 3415 seu
1519 3357 1671 3416 emicatlo·
1728 3407 1730 3424 2

320 3459 381 3518 nee,
408 3444 573 3518 quusmodi
597 3443 738 3521 Epicurus
761 3443 875 3504 alfinrit
895 3445 957 3502 suis
979 3445 1095 3506 atomis.
1728 3453 1730 3464 ¹

423 3527 489 3590 Non
513 3538 584 3609 puto
608 3549 678 3591 vero
702 3530 872 3591 Clearchum
896 3530 973 3590 velle
999 3531 1086 3589 nobis
1107 3547 1212 3606 corpus
1235 3529 1337 3590 Lunae
1365 3547 1531 3608 proponere
1555 3527 1673 3590 densum
1728 3541 1730 3608 ξ

319 3626 348 3678 et
369 3616 504 3692 solidum,
528 3616 578 3678 sed
601 3618 683 3678 sidus
706 3619 874 3679 aethereum
889 3625 920 3678 et
941 3617 1100 3690 lucilerum,
1123 3623 1157 3676 ut
1178 3618 1285 3678 dicitis.
1316 3617 1400 3678 Talis
1423 3635 1494 3679 vero
1512 3614 1598 3699 (cum
1616 3617 1673 3690 sit),
1728 3647 1730 3698 ς

319 3705 456 3766 convenit
477 3705 629 3781 equidem,
661 3711 694 3764 ut
723 3707 864 3765 vitonum
886 3705 999 3765 radium
1022 3712 1052 3764 et
1073 3706 1161 3765 ictum
1186 3707 1274 3764 etiam
1297 3713 1413 3766 avertat
1436 3710 1506 3780 (non
1525 3707 1676 3777 admittat).

318 3792 423 3868 ltaque
445 3794 520 3869 perit
541 3793 627 3851 noble
650 3791 777 3852 reflexio.
1728 3837 1730 3868 ,

424 3877 476 3938 Sin
499 3886 598 3939 antem
620 3882 739 3956 insuper
755 3881 821 3955 quis
841 3895 895 3938 noe
911 3885 1022 3955 urgeat,
1046 3894 1229 3954 quaeremus,
1253 3879 1303 3956 qni
1325 3878 1378 3939 flat
1393 3878 1474 3957 quod
1490 3879 1589 3939 solum
1613 3879 1676 3936 lneit
1728 3903 1729 3948 1

318 3967 348 4024 iu
371 3965 455 4026 Luna
476 3967 575 4040 iacies,
600 3969 687 4026 maris
709 3966 821 4028 scilieet
842 3965 995 4042 speculare
1018 3965 1218 4038 simulacrum,
1240 3983 1337 4042 nequo
1359 3967 1419 4027 tale
1444 3966 1516 4044 quid
1540 3966 1675 4026 videatur
1728 4003 1730 4012 ι

318 4053 347 4112 ln
371 4053 432 4112 ullo
455 4053 515 4113 alio
538 4053 639 4113 talium
665 4051 816 4113 siderum?
854 4055 944 4129 Atqui
967 4052 1098 4129 postulat
1119 4054 1222 4129 utique
1244 4056 1389 4131 aequitas,
1414 4062 1448 4114 ut
1471 4056 1556 4115 ιιιιιι
1572 4062 1626 4115 ιιι
1641 4051 1675 4113 eb
1728 4127 1729 4132 ἵ

318 4141 454 4200 omnibns
476 4143 612 4217 patiatur,
637 4148 688 4201 aut
710 4159 729 4200 a
751 4140 832 4201 nullo
854 4140 958 4200 sidere.

422 4225 480 4287 Sed
503 4224 592 4310 (ordo
608 4229 759 4299 sermonis,
783 4230 912 4304 inquam,
935 4220 1084 4308 persenit)
1106 4224 1144 4284 ad
1161 4225 1332 4301 Lucium,
1356 4225 1395 4287 ad
1410 4244 1500 4305 quem
1516 4229 1674 4305 respiciens

321 4323 355 4376 tu
377 4313 524 4391 quodnam
547 4317 670 4392 primum
695 4331 731 4374 ex
753 4317 860 4374 nostris
883 4313 991 4373 dictum
1014 4315 1107 4387 luerit,
1132 4314 1159 4370 in
1183 4324 1308 4374 mentem
1330 4331 1448 4375 revoca
1494 4315 1535 4376 Et
1557 4315 1674 4388 Lucius,
1728 4371 1730 4386 ,

318 4419 356 4462 ne
378 4412 485 4474 tamen,
509 4403 612 4478 inquit,
636 4403 747 4462 affatim
770 4401 942 4462 collutulare
957 4399 1109 4460 videamur
1123 4399 1313 4475 Pharnacem,
1337 4403 1362 4462 ei
1378 4405 1541 4463 stoicorum
1561 4407 1676 4481 opinio·

317 4507 384 4550 nem
407 4493 450 4551 eie
472 4492 613 4549 intactam
634 4491 917 4566 praetermittamus*
956 4489 1019 4564 Age
1042 4488 1151 4546 dissere
1173 4487 1286 4565 aliquid
1308 4495 1412 4550 contra
1433 4489 1604 4562 hominem,
1627 4489 1675 4566 qni
1728 4545 1730 4562 ,

318 4577 436 4638 omnino
459 4580 612 4638 mixturam
635 4569 718 4653 potiit
742 4593 805 4636 esse
819 4575 933 4635 Lunam
957 4591 992 4634 ex
1015 4576 1082 4634 ah're
1103 4583 1133 4632 et
1148 4576 1207 4650 igni
1226 4580 1347 4636 remisso
1363 4594 1417 4636 sen
1432 4576 1545 4654 hebeti,
1570 4577 1674 4638 deinde

318 4664 452 4724 velutin
476 4664 687 4741 tranquillitate
709 4665 808 4736 maris,
830 4663 1014 4722 horrescente
1037 4660 1178 4720 undarum
1201 4663 1364 4740 superficie,
1389 4665 1470 4736 elicit,
1496 4669 1566 4726 aiire
1585 4666 1676 4741 nigri·

318 4761 403 4812 cante
426 4755 550 4814 existere
572 4754 868 4829 repraesentationem
891 4757 985 4809 certae
1007 4749 1115 4808 lormae
1142 4751 1248 4825 specie.
1286 4750 1340 4825 (lit
1363 4747 1444 4834 Ego)
1467 4751 1674 4828 percommode

318 4845 367 4918 tu,
396 4840 530 4918 inquam,
562 4841 612 4918 qni
635 4836 846 4901 absurditatem
867 4839 1010 4916 insignem
1040 4835 1152 4896 lestinis
1175 4843 1205 4898 ot
1226 4840 1318 4914 gratis
1340 4840 1471 4900 involvis
1495 4841 1673 4902 nominibus.
