3494 5426
1544 9 1721 360 ,

315 559 344 616 in
369 563 540 634 segestam
562 557 607 616 iri.
652 551 694 636 Q
719 571 783 614 cnm
809 552 846 628 Ω
871 555 901 612 in
925 551 981 612 IX.
1005 549 1109 628 domo,
1133 553 1161 626 ‘ll
1185 555 1239 613 iter
1262 569 1352 613 cauea
1373 553 1458 632 legis.
1504 552 1545 614 Ar
1569 572 1674 616 mensa

315 645 474 705 Novembri
505 643 663 722 praeterito
687 639 709 720 l)
733 644 846 701 eratin
876 640 917 703 M.
941 640 990 714 C.,
1021 639 1189 716 significans
1218 640 1324 700 damna
1350 650 1380 702 et
1401 645 1498 702 irritos
1528 652 1672 704 coranus:

314 732 389 794 bene
413 731 490 808 qood
515 733 543 789 in
568 731 695 789 laturum
719 728 760 788 illi
776 728 908 789 succedit
925 724 973 810 lt,
997 726 1047 788 ubi
1062 731 1171 805 sperari
1186 736 1285 805 potest
1298 746 1452 792 successus
1474 731 1567 804 iniis,
1595 749 1672 807 qnae

313 821 455 881 hactenus
478 837 543 879 cum
567 818 674 878 damno
698 825 727 878 et
749 816 900 876 laboribus
921 816 1001 876 luere
1022 822 1142 875 tentata.

42 977 45 988 Δ
418 907 451 966 Si
472 905 617 966 minutula
640 907 854 980 astrologorum
877 904 993 964 decreto
1017 902 1166 979 sequenda
1189 911 1265 974 sunt,
1289 904 1389 965 hostes
1411 907 1553 982 inpriore
1578 924 1667 964 revo-

47 981 76 1018 ””
184 1053 188 1061 ,
312 995 424 1056 lutioue
447 994 647 1070 significantur
670 990 867 1074 anomiuo
882 991 951 1063 Vll,
975 994 1004 1049 in
1027 987 1256 1070 posterioreai)
1275 1001 1304 1050 et
1326 1001 1368 1064 (ς,
1392 994 1443 1068 qni
1466 993 1581 1051 domini
1606 1011 1668 1052 cunr

313 1086 448 1160 utrinque
471 1071 580 1141 siritio
603 1079 676 1142 locis
692 1082 823 1158 abjectis,
848 1089 950 1140 contra
972 1079 1106 1139 dominus
1129 1079 1237 1154 figurae
1261 1083 1408 1156 inpriore,
1432 1081 1627 1141 ascendentis
1641 1085 1668 1138 in

312 1173 473 1249 posteriore
497 1171 554 1228 sint
577 1159 606 1227 in
631 1167 747 1245 angulis
772 1176 801 1230 et
823 1167 888 1228 aliie
909 1168 1040 1226 traantur
1057 1167 1312 1228 commoditatibus
1332 1169 1537 1240 amicitiarum,
1561 1187 1600 1227 err
1617 1169 1669 1228 lror

312 1260 411 1334 positu
442 1256 540 1317 dicent
568 1256 709 1334 astrologi
738 1255 978 1332 delatigationem
1007 1255 1187 1314 hostiumst
1210 1255 1418 1326 infirmitatem,
1449 1263 1502 1314 ant
1524 1273 1668 1316 carceres.

312 1347 346 1408 ln
370 1348 465 1423 priore
490 1352 584 1404 tamen
608 1344 701 1421 figura
724 1343 754 1418 ‘ll
771 1353 800 1403 et
824 1351 846 1412 ὅ
873 1342 981 1402 cadunt
1003 1346 1032 1400 in
1055 1341 1126 1414 Vll,
1151 1341 1180 1400 id
1204 1341 1330 1402 bostium
1353 1343 1491 1402 insultum
1516 1345 1668 1420 signitica-

315 1435 367 1506 vit,
392 1433 444 1492 sed
467 1428 592 1512 quiall
619 1439 664 1492 est
685 1435 715 1489 in
731 1433 866 1506 geniture
880 1430 1025 1504 domiuus,
1048 1428 1114 1489 ideo
1137 1429 1402 1506 praefigurabatur,
1424 1446 1482 1489 aon
1508 1433 1668 1490 cariturum

315 1521 403 1580 armis
428 1519 601 1593 Caesarem,
624 1517 676 1579 sed
699 1518 775 1578 boeti
800 1518 919 1577 obviam
942 1534 1155 1595 processurum.
1201 1519 1240 1578 At
1269 1519 1339 1593 quia
1362 1515 1384 1598 ἦ
1408 1521 1669 1595 appropinquabat

312 1608 353 1671 Μ.
377 1607 419 1680 C,
444 1606 581 1666 damnum
604 1614 754 1683 acceptum
778 1605 841 1667 luit.

414 1693 448 1753 lu
470 1696 631 1771 posteriore
654 1694 762 1770 figura:
786 1693 931 1751 Dominus
954 1693 1106 1768 geniturae
1129 1700 1173 1753 est
1196 1691 1379 1769 aliquantum
1402 1690 1517 1762 debilis,
1541 1695 1618 1770 quia
1641 1694 1663 1765 *l

315 1782 345 1840 in
371 1783 409 1859 Πῑ
432 1785 602 1858 peregrinus
634 1789 677 1840 est
701 1789 729 1841 et
754 1784 783 1838 in
807 1781 872 1839 loco
896 1779 1021 1855 abjecto.
1067 1777 1102 1838 ld
1125 1777 1325 1840 difficultatem
1348 1786 1443 1851 notat,
1474 1782 1550 1840 sorte
1577 1797 1667 1857 pseu·

311 1869 446 1931 niariem.
492 1869 576 1930 launa
599 1871 701 1941 etiam,
731 1868 849 1928 domina
871 1865 1063 1938 ascendentis,
1086 1885 1105 1926 a
1129 1875 1170 1940 A,
1195 1868 1314 1929 domino
1337 1866 1410 1940 v11,
1439 1865 1569 1926 laeditur
1593 1887 1666 1945 que·

309 1953 401 2016 dreia.
439 1957 559 2017 Interior
584 1964 629 2018 est
643 1966 745 2016 rnutua
761 1957 898 2033 receptio,
923 1961 952 2012 et
967 1953 1041 2013 alter
1058 1954 1180 2014 altorum
1197 1953 1361 2027 confirmat,
1385 1961 1494 2014 etcum
1511 1951 1553 2037 Q
1572 1957 1666 2032 signi-

311 2043 377 2104 ficet
399 2044 516 2121 plebem
540 2053 569 2104 et
592 2045 671 2104 bone
693 2044 822 2116 mobilia,
845 2041 1025 2118 significetur
1048 2041 1171 2102 sortasse
1196 2047 1324 2104 vastatio
1347 2058 1482 2118 agrorum
1505 2052 1536 2104 st
1557 2043 1664 2103 subdi·

312 2140 406 2191 torum
430 2135 565 2207 servitus,
591 2131 768 2192 vindicanda
790 2129 879 2194 caede
902 2137 931 2190 et
954 2131 1124 2205 captivitato
1138 2129 1275 2204 hostium,
1299 2149 1365 2192 cum
1380 2125 1422 2210 ᾧ
1438 2147 1528 2207 supra
1552 2139 1579 2199 ὅ
1606 2130 1665 2190 ele·

308 2226 402 2278 vetur.
448 2217 513 2294 Qua
537 2209 664 2292 accedit,
697 2213 776 2294 quod
805 2225 907 2277 mutua
936 2217 1011 2275 inter
1037 2211 1072 2298 ll
1099 2215 1246 2277 dominum
1269 2220 1429 2294 geniturae,
1454 2227 1483 2277 et
1507 2225 1530 2286 ,l
1555 2219 1664 2278 suffra·

307 2323 435 2382 ganeum
457 2323 542 2366 suum
566 2305 719 2366 intercedit
749 2307 878 2383 receptio
901 2322 935 2363 er
966 2303 1086 2368 alterius
1109 2303 1317 2381 dignitatibus,
1348 2303 1427 2383 quod
1454 2305 1580 2382 perinde
1613 2314 1662 2374 est,

308 2410 345 2452 ac
367 2394 393 2452 si
417 2401 538 2470 uterque
561 2394 644 2454 lortis
667 2401 744 2453 esset
768 2399 796 2452 et
819 2395 912 2452 amica
928 2391 1056 2466 ipsorum
1072 2391 1273 2468 configuratio.
1304 2393 1337 2452 ln
1353 2395 1449 2470 priore
1463 2397 1552 2452 etiam
1570 2393 1615 2454 M.
1633 2393 1662 2453 G.

308 2481 338 2536 in
354 2482 402 2554 Δ
419 2476 446 2556 9
462 2497 528 2538 cunr
543 2481 629 2540 corde
645 2475 688 2564 Ω
702 2479 885 2558 splendorem
900 2479 1053 2554 significat,
1077 2478 1296 2556 legationesque
1312 2489 1342 2540 et
1356 2497 1485 2540 munera.
1522 2481 1556 2539 ln
1583 2490 1664 2540 ntra·

308 2583 367 2642 que
391 2565 502 2628 domini
524 2567 604 2639 XII,
635 2585 710 2643 quae
734 2567 879 2644 significat
900 2565 999 2626 hostes
1022 2565 1153 2626 occultos
1175 2575 1205 2626 et
1226 2585 1342 2642 servos,
1365 2565 1418 2628 seu
1441 2566 1534 2627 malos
1557 2568 1663 2629 subdi-

308 2662 371 2728 tos,
397 2660 466 2713 sunt
489 2657 518 2712 in
540 2654 613 2715 locis
636 2655 768 2730 abjectis,
791 2655 946 2732 peregrini,
970 2652 1144 2730 retrogradi3
1174 2673 1264 2731 quare
1287 2663 1316 2716 et
1338 2654 1452 2716 illorum
1476 2655 1590 2717 afflicta
1612 2661 1662 2716 erit

310 2739 451 2815 conditio,
476 2742 554 2817 quod
577 2745 606 2799 in
629 2749 760 2801 nostrum
782 2743 892 2801 bonum
915 2739 1000 2800 cedit.

34 325 92 372 '⁹⁸
212 443 217 456 Ι
318 375 382 446 323
673 372 846 432 collmtenea
866 384 901 426 ox
918 371 1057 428 codicibus
1074 369 1309 431 Palkoiienslbut·

410 2827 495 2889 Haec
522 2829 581 2889 lere
612 2835 695 2902 suni,
725 2846 800 2904 quae
830 2827 989 2890 meandum
1019 2830 1185 2903 promiscua
1204 2828 1429 2906 ’astrologorum
1457 2828 1575 2889 decreta
1607 2829 1660 2890 dici

304 2923 437 2991 possunt,
462 2917 568 2992 quibus
591 2919 616 2974 si
639 2913 761 2976 accedat
784 2917 907 2976 diarium
922 2915 1132 2991 protectionum
1149 2923 1178 2976 et
1193 2918 1376 2991 transituum,
1396 2915 1542 2992 judicium
1566 2921 1660 2977 omni·

306 3003 361 3063 bus
383 3005 512 3064 numeris
533 3004 702 3063 absolutum
726 3007 837 3065 censeri
858 3006 960 3079 possit.

410 3090 560 3163 Ceterum,
592 3108 659 3152 cum
682 3093 770 3150 etiam
792 3090 1001 3170 philosophum
1025 3099 1054 3151 et
1075 3089 1191 3154 fidelem
1216 3108 1331 3150 serrum
1356 3089 1459 3151 deceat
1482 3089 1659 3164 distinguere

306 3178 381 3236 inter
404 3193 455 3249 sa,
479 3195 555 3254 quae
578 3196 649 3238 resa
671 3186 701 3237 et
723 3195 800 3253 quae
822 3178 902 3237 fluxa
923 3183 1021 3252 putet,
1045 3179 1146 3255 itaque
1169 3197 1224 3256 ego
1246 3178 1393 3254 Kepleras
1415 3181 1567 3256 priuatum
1590 3180 1659 3237 scri-

305 3264 373 3322 bam
401 3263 543 3338 judicium
567 3283 603 3323 ex
626 3266 815 3342 paucioribus
841 3267 1004 3341 principiis,
1036 3282 1112 3340 quac
1145 3265 1287 3326 hactenus
1317 3273 1440 3326 naturae
1463 3274 1657 3325 consentanea

306 3368 352 3410 me
377 3350 603 3429 deprehendisse
626 3361 779 3428 putavero,
804 3359 834 3414 et
855 3352 911 3411 boc
933 3361 1020 3428 pacto
1043 3371 1062 3410 o
1085 3370 1130 3412 me
1153 3355 1218 3430 ipso
1241 3371 1298 3411 non
1323 3353 1502 3414 dissentiam.
1542 3352 1618 3412 Nam
1632 3358 1658 3410 el

304 3454 396 3516 nuper
419 3441 450 3498 in
473 3441 607 3500 examine
627 3439 732 3515 judicii
755 3437 897 3500 Altobelli
920 3457 1008 3515 super
1031 3439 1131 3516 eclipsi
1156 3443 1225 3500 arrni
1244 3447 1322 3501 1601
1350 3439 1409 3502 tale
1432 3438 1503 3517 quid
1518 3441 1655 3516 praestiti.

875 3683 1082 3696 —a--n-

451 3833 675 3948 durabiliores
704 3865 828 3970 lleplerl
855 3868 897 3948 od
924 3869 1054 3951 schema
1081 3871 1238 3976 quoddam
1266 3869 1512 3974 genethliacon.

664 4027 793 4085 Kratas
815 4029 1007 4101 mulanmg
1029 4031 1122 4090 diser
1144 4033 1286 4091 flebunt.

405 4157 487 4217 Von
521 4157 767 4223 Netiirlichen
800 4164 872 4224 vad
903 4165 1132 4226 liebhallten
1164 4169 1351 4230 Krellten.
1396 4169 1506 4230 Obwol
1539 4171 1651 4248 Jupiter

300 4245 338 4304 im
362 4252 457 4305 ersten
480 4245 564 4306 Hans
594 4249 689 4310 stehei
711 4251 770 4310 rad
798 4251 896 4314 Venus
919 4253 1051 4312 rrrriilna
1074 4253 1180 4331 loiget,
1209 4257 1286 4316 auch
1310 4265 1393 4317 sonet
1415 4257 1526 4318 khaine
1549 4261 1649 4319 wider·

299 4335 419 4408 rriirtige
442 4332 588 4409 Aspectus
611 4338 654 4395 nit
675 4337 849 4412 idrbanden,
873 4358 907 4399 so
931 4339 986 4399 den
1009 4339 1213 4419 Horoscopum
1237 4343 1434 4421 belaidigten,
1456 4345 1568 4422 jedoeh
1590 4346 1650 4406 weil

299 4427 357 4478 esst
379 4422 432 4479 mit
455 4427 494 4480 26
519 4421 632 4482 Jalrrcn
654 4424 772 4502 Jupiter
793 4444 859 4486 uum
882 4427 1055 4503 Horoscopo
1077 4429 1218 4506 'gelanget
1246 4431 1306 4490 und
1329 4435 1358 4491 in
1381 4434 1491 4494 mittola
1523 4433 1572 4496 dia
1594 4436 1647 4495 Son

298 4505 394 4580 gleicb
416 4509 456 4565 im
479 4515 574 4568 ersten
590 4509 665 4570 Jahr
686 4512 723 4572 ad
747 4530 852 4590 corpus
874 4514 979 4573 Martis
1003 4515 1062 4573 rad
1084 4516 1124 4574 im
1147 4518 1255 4578 eilllten
1278 4519 1315 4578 ad
1339 4520 1516 4597 quadratum
1536 4519 1647 4583 Satomi

298 4590 428 4671 lrbompt,
452 4594 511 4653 rnd
534 4595 584 4656 der
606 4597 697 4656 Mond
720 4602 759 4659 irn
783 4605 894 4662 vierten
910 4601 985 4662 Jabr
1007 4619 1065 4661 rou
1088 4603 1153 4664 dem
1168 4605 1329 4682 Triangulo
1345 4608 1477 4688 Saturni,
1499 4614 1541 4670 im
1559 4627 1647 4670 nenn-

299 4682 348 4736 teu
374 4681 445 4740 aber
474 4698 532 4741 ron
561 4684 626 4745 dem
656 4685 759 4746 Sextili
782 4687 918 4749 Mercurii
946 4688 1092 4750 schlecbte
1120 4691 1207 4751 Hiilli
1231 4692 1396 4770 elnplabet:
1428 4699 1459 4754 in
1489 4698 1647 4773 Ausebuug

300 4761 375 4824 discr
397 4766 578 4830 Vmbstiiodc
607 4771 722 4833 erachia
745 4775 813 4849 leb,
844 4776 924 4836 diere
947 4777 1057 4836 Person
1086 4778 1164 4839 werd
1194 4781 1223 4836 lu
1247 4773 1314 4842 [ren
1337 4781 1518 4844 Kindlichen
1541 4783 1645 4846 Jahrsn
1712 4773 1714 4844 l

299 4849 377 4910 rilen
399 4851 613 4918 Krankbaittcn
634 4859 834 4926 underworlen
858 4871 969 4941 genesi
991 4865 1063 4924 sein.
1094 4865 1138 4927 lm
1162 4873 1259 4927 ersten
1282 4867 1357 4930 Jahr
1381 4875 1459 4931 etna
1481 4871 1530 4934 die
1552 4873 1645 4933 Fraiss
1712 4863 1713 4896 ³
