3478 5424
617 377 790 436 Astronomie
806 381 934 438 Lnucris.
1319 432 1321 442 ,
1407 387 1450 456 37

3 559 7 634 ξ
94 561 182 636 tinet,
215 558 290 624 dues
312 558 427 620 ridetur
446 557 555 620 lrebere
576 557 748 620 medietates
760 551 836 641 111),
866 559 989 620 alterum
1017 561 1213 626 obscuriorem
1245 571 1275 627 ot
1303 566 1449 638 continuis

3 645 6 716 ἶ
92 651 182 726 cunei
205 647 329 710 mecnlie
351 646 508 708 obductum
518 639 583 723 ¹⁵⁴),
607 645 729 707 alterum
749 646 840 724 paulo
863 646 1014 731 clariorem
1029 644 1089 726 151),
1112 653 1252 713 interfuso
1275 671 1327 730 pro
1347 654 1450 714 discri-

3 731 5 766 1
91 739 172 798 mine
194 737 346 812 utriusque
375 733 492 810 cingulo
520 732 619 793 lucido
646 735 939 812 septentrionetenus.
983 737 1093 814 Figura
1122 739 1248 800 difficilis
1278 748 1324 801 est
1354 741 1450 819 expli·

3 819 6 900 ,1
91 833 163 887 cetu
176 819 240 906 ¹⁵⁸).
284 823 371 883 Perie
401 831 499 883 tumen
530 821 709 882 orientaliori
720 817 773 900 117)
805 826 931 884 cernitur
957 825 1050 884 inster
1080 817 1227 903 pro'tomes
1258 830 1361 905 cepitis
1391 829 1449 888 ltu-

3 903 7 980 ’ξ
90 912 188 987 muni,
219 909 373 972 uxillarum
402 916 488 972 tenus
509 912 615 972 resecti
629 903 701 992 ¹⁵⁸),
734 908 917 970 admoventia
940 911 978 971 ed
1000 913 1101 974 oscula
1122 914 1282 991 puellulam
1295 909 1350 998 ¹⁵⁹)
1383 933 1447 975 eum

3 981 7 1004 ⁵
91 1007 179 1062 reste
200 1000 292 1076 louge
302 992 371 1074 1117),
405 1015 481 1076 quoe
507 1003 625 1060 extenta
652 1004 809 1056 retrorsum
831 1015 919 1058 mauu
932 993 985 1077 111)
1013 1000 1100 1062 felem
1123 1003 1316 1063 assultantem
1337 1020 1448 1080 provo·

91 1098 139 1148 cet
149 1081 218 1166 1117).
263 1085 361 1162 Major
389 1093 486 1146 minen
513 1092 543 1146 et
568 1084 656 1146 letior
678 1083 810 1146 meculne
832 1102 901 1163 pers
913 1079 966 1165 111)
994 1089 1057 1148 sine
1080 1089 1208 1150 evidenti
1230 1090 1324 1150 lormc
1345 1107 1447 1151 versus

3 1213 4 1216 =
91 1175 277 1237 occidentem
299 1174 440 1250 procurrit
453 1167 520 1256 ¹⁶⁴).
556 1171 591 1232 Iu
614 1171 707 1233 ultere
728 1173 884 1234 medietate
908 1171 1023 1235 Volree
1045 1175 1134 1236 letius
1158 1177 1326 1239 diffunditur
1348 1179 1449 1256 splen·

90 1256 216 1346 dor¹⁶⁵)
239 1279 327 1338 quern
349 1259 465 1321 runculn
478 1254 540 1337 1111).
586 1259 720 1336 Effigiem
743 1260 853 1322 diceres
876 1277 1037 1337 cempeuee
1048 1256 1103 1339 117)
1129 1265 1164 1325 de
1186 1266 1255 1325 inne
1279 1265 1447 1344 dependen-

91 1345 200 1431 tium)
222 1357 253 1410 et
273 1351 305 1408 in
326 1347 504 1410 occidentem
518 1341 574 1423 1117)
593 1346 733 1423 Jeciutne.
780 1346 863 1424 Quee
886 1365 974 1426 eupre
987 1345 1042 1429 1711)
1067 1351 1198 1430 introque
1220 1361 1288 1413 sunt
1302 1349 1374 1428 171),
1398 1370 1448 1415 es-
1559 1359 1561 1367 ’

3 1429 5 1456 ³
92 1437 219 1500 similari
241 1443 389 1512 nequeunt
401 1429 466 1511 171).

3 1521 5 1542 '
196 1524 260 1585 Nec
287 1526 360 1584 estis
390 1529 423 1583 ui
442 1522 499 1582 hoc
527 1529 612 1600 pecto
636 1519 734 1582 Volvu
763 1519 821 1583 illis
851 1521 1014 1600 distinguet
1043 1524 1129 1585 horus
1158 1525 1232 1600 diei,
1263 1527 1334 1602 quin
1357 1528 1446 1586 etiem

3 1619 5 1700 ξ
89 1613 162 1674 enni
184 1613 311 1692 partium
333 1628 391 1673 non
416 1611 540 1670 obscure
561 1608 737 1671 documenta
759 1607 822 1684 det,
851 1611 875 1670 ei
898 1613 963 1687 quis
986 1611 1118 1674 attendet
1140 1620 1193 1672 eut
1213 1615 1239 1673 si
1262 1631 1348 1690 quem
1371 1617 1446 1674 ratio

3 1703 5 1746 t
88 1701 216 1762 lixarum
243 1699 347 1776 lugiet.
390 1698 486 1758 Etiam
514 1714 573 1774 quo
603 1703 733 1774 tempore
755 1695 806 1758 Sol
830 1697 972 1760 Generum
996 1695 1192 1775 obtinet¹⁷³),
1223 1700 1321 1760 Volva
1343 1701 1443 1777 polum
1530 1713 1532 1722 ’

90 1786 352 1866 septentrionalem
373 1803 445 1846 enee
467 1785 672 1846 trubiuntlonie
694 1786 847 1846 munileste
878 1793 1014 1848 ostentet.
1060 1787 1114 1848 Est
1136 1791 1211 1848 enim
1235 1795 1328 1865 percu
1351 1806 1445 1865 quee—
1467 1799 1470 1815 ·

3 1893 5 1904 ’
90 1876 160 1936 dem
184 1882 215 1936 et
238 1875 362 1935 obscure
382 1871 498 1934 mecule
509 1867 563 1950 171)
590 1889 680 1950 supro
709 1872 834 1948 efigiem
863 1873 979 1950 puellae
1013 1875 1043 1934 in
1066 1875 1191 1936 medinm
1214 1876 1377 1936 cleritatem
1400 1871 1475 1934 in-'

89 1957 246 2042 remum),
269 1979 345 2039 qnee
367 1979 386 2022 a
407 1977 521 2022 somme
546 1967 576 2020 et
598 1967 726 2021 extrem
745 1958 862 2022 Volvee
884 1967 966 2038 pulte
981 1957 1032 2042 ¹⁷⁶)
1054 1981 1156 2023 verene
1180 1965 1319 2024 orientem
1335 1971 1365 2023 et
1380 1963 1448 2024 hinc

90 2051 236 2112 descensu
258 2052 288 2108 in
311 2048 422 2110 discum
444 2049 523 2110 fecto
549 2065 649 2108 cernue
672 2047 851 2110 occidentem
874 2056 1008 2110 meretur
1021 2045 1085 2127 177),
1109 2067 1127 2110 e
1149 2067 1208 2127 quo
1231 2057 1358 2111 extremo
1380 2068 1447 2109 rur-

88 2155 155 2200 sum
178 2139 210 2197 in
233 2140 429 2198 summitatem
452 2135 566 2197 Volvue
589 2151 691 2196 versun
714 2137 855 2196 orientem
878 2135 1011 2198 concedit
1033 2146 1122 2216 etque
1145 2141 1188 2198 sie
1211 2146 1280 2198 tunc
1302 2147 1444 2216 perpetuo

88 2234 216 2304 epperet
227 2219 290 2302 1711).
338 2223 378 2284 At
408 2223 478 2285 Sole
508 2223 715 2302 Capricornum
745 2231 861 2284 tenente
897 2226 1049 2302 nuspiem‘
1064 2225 1138 2286 hoec
1164 2225 1281 2286 mecnle
1310 2227 1446 2300 cernitur,

87 2323 153 2374 toto
177 2310 288 2374 circulo
310 2327 376 2372 eum
398 2310 467 2389 polo
490 2328 542 2371 cuo
564 2319 632 2388 post
653 2310 770 2372 Volvee
794 2327 898 2389 corpus
921 2312 1036 2388 andito„
1059 2313 1097 2372 Et
1119 2313 1166 2373 lrie
1189 2311 1309 2390 quidem
1332 2312 1446 2374 duabus

86 2404 159 2462 enni
180 2401 316 2478 pertibus
338 2399 471 2460 mecnloe
492 2405 571 2460 recta
593 2403 695 2475 petunt
718 2397 896 2460 occidentem
910 2394 978 2476 ¹⁷⁹),
1008 2401 1187 2461 intermediis
1210 2417 1281 2461 vero
1307 2403 1447 2478 tempori·

87 2490 162 2565 bus,
187 2486 258 2548 Sole
281 2490 311 2546 in
336 2489 444 2548 oriente
468 2484 515 2547 rel
537 2482 629 2548 Libra
650 2487 821 2560 constituto,
850 2486 984 2548 maculae
1006 2488 1138 2548 nonnihil
1167 2489 1277 2549 inllern
1299 2487 1379 2549 lineo
1400 2488 1448 2549 rel
1544 2492 1549 2505 ’

87 2574 273 2638 descendunt
304 2575 492 2635 uomrersim
523 2573 570 2634 rel
600 2572 769 2634 escendunt.
815 2570 881 2649 Quo
908 2582 1079 2651 argumento
1111 2579 1331 2654 cognoscimus,
1361 2575 1446 2653 polos

86 2665 179 2741 hujus
204 2663 420 2737 turbinationis,
445 2668 579 2722 monente
596 2669 694 2722 centro
710 2663 839 2740 corporis
855 2660 980 2739 Volcae,
1004 2665 1154 2724 circumire
1176 2666 1206 2724 in
1229 2663 1337 2724 circqu
1353 2663 1447 2742 poluri
1504 2695 1505 2698 κ

86 2755 167 2814 circe
188 2749 292 2828 polum
314 2748 430 2810 illorum
451 2749 542 2810 semel
564 2752 594 2808 in
617 2765 694 2809 enno
707 2743 771 2826 ¹⁸⁰).
1541 2751 1543 2765 ·

194 2838 307 2898 Notene
330 2845 359 2898 et
381 2837 438 2898 lroc
460 2835 675 2912 diligentiores,
702 2852 761 2897 non
783 2853 898 2914 semper
918 2836 995 2899 hene
1018 2836 1146 2898 Volrcm
1174 2839 1299 2899 retinere
1323 2836 1445 2898 eundem

85 2925 331 3003 magnitudinem.
376 2925 418 2984 lis
440 2925 516 2985 enim
538 2923 597 2984 diei
618 2922 713 2998 lroris,
745 2925 852 3001 quibus
880 2933 960 2986 estre
981 2932 1050 2985 eunt
1080 2925 1209 3000 velocia,
1239 2925 1356 2986 Volvee
1380 2923 1445 2986 die-

62 3021 213 3074 'metrnm
246 3031 311 3074 esse
342 3012 433 3073 multo
464 3009 617 3088 majorem,
648 3017 681 3072 nt
709 3019 778 3072 tunc
807 3013 924 3073 omnino
953 3013 1075 3074 excedet
1105 3013 1300 3090 quadruplum
1329 3022 1446 3073 noetree

85 3095 268 3162 Lunue¹⁸¹.

194 3101 275 3264 Qirin
297 3202 367 3248 ruo
390 3202 467 3247 nuuc
489 3185 527 3247 do
549 3185 705 3265 eclipsibus
728 3185 806 3248 Solis
829 3193 858 3247 et
880 3185 995 3248 Volree
1018 3186 1128 3262 dimin,
1158 3205 1234 3265 qnee
1256 3195 1285 3248 ei
1307 3189 1447 3250 eveniunt

7 3279 12 3287 '
87 3277 117 3334 in
141 3275 279 3336 Levunie
301 3283 332 3336 et
353 3272 455 3336 iisdem
477 3276 632 3335 momentis
653 3277 809 3350 eveniunt,
839 3275 945 3350 quibus
967 3273 1015 3334 hic
1036 3276 1066 3334 in
1088 3274 1215 3335 Telluris
1238 3275 1328 3353 globo
1352 3275 1444 3352 eclip-

86 3381 135 3424 ses
159 3362 239 3423 Solis
268 3369 299 3423 et
321 3360 436 3436 Lunae,
467 3363 628 3423 rationibus
657 3369 755 3423 terren
783 3364 926 3439 oppositis
955 3361 1052 3439 plene.
1099 3361 1223 3439 Quando
1251 3367 1328 3424 enim
1358 3365 1445 3424 nobis

11 3504 20 3514 .
85 3450 205 3512 ridetur
228 3447 543 3525 concernentium,
573 3449 672 3510 delicit
698 3452 769 3527 ipsis
792 3449 906 3523 Volva,
936 3449 1053 3526 quondo
1083 3452 1212 3511 rioiseim
1235 3450 1334 3512 delicit
1355 3452 1443 3511 nobie

86 3547 189 3600 nostre
202 3537 300 3611 Lunn,
323 3535 421 3597 delicit
441 3537 521 3616 repud
542 3540 622 3615 ipsos
638 3532 766 3621 501137).
790 3536 893 3615 Neque
907 3543 1005 3598 temen
1021 3539 1119 3598 omniu
1134 3537 1287 3614 quadrent.
1325 3538 1446 3600 Portio-

8 3628 12 3636 '
84 3625 128 3686 lee
152 3629 234 3686 enim
248 3623 327 3686 Solis
342 3623 471 3685 delectus
484 3626 542 3704 ipsi
557 3625 656 3685 erebro
671 3624 781 3697 rident,
804 3624 922 3702 quando
944 3625 1029 3684 nobis
1044 3623 1080 3686 de
1095 3624 1180 3686 Lunu
1194 3625 1267 3686 nihil
1283 3624 1365 3686 deest
1380 3621 1445 3707 ¹⁸³),

51 3761 53 3770 r
86 3721 116 3774 et
138 3721 243 3774 contre
265 3715 409 3772 immunes
430 3722 499 3773 suut
521 3713 561 3785 un
582 3711 740 3789 eclipsibus
762 3711 878 3773 Volree
900 3729 959 3772 uon
981 3729 1062 3790 roro,
1085 3712 1203 3789 quondo
1226 3729 1279 3774 nos
1303 3712 1445 3790 pertieles

84 3801 233 3861 hebemus
255 3799 334 3860 solis
363 3795 565 3878 delectus¹⁸⁴).
608 3798 723 3861 Volree
746 3799 875 3861 deiectus
902 3799 982 3876 epod
1010 3801 1091 3878 ipsos
1119 3802 1149 3860 in
1172 3799 1380 3878 plenipolviis,
1413 3809 1446 3860 nt

13 3909 16 3921 ·
85 3894 114 3948 ct
137 3887 220 3965 apud
244 3903 298 3947 noe
321 3885 424 3947 Lunee
446 3889 476 3946 iu
499 3883 680 3966 pleniluniis,
711 3886 788 3948 Solis
810 3904 880 3948 roro
904 3889 934 3946 in
955 3888 1148 3963 norirolrlis,
1177 3894 1210 3948 ut
1232 3887 1311 3966 apud
1333 3904 1388 3948 nos
1411 3890 1442 3946 in

83 3976 249 4036 noviluniis
260 3969 323 4056 ¹⁸⁵).
369 3974 501 4052 Cumque
524 3973 586 4036 dies
608 3983 638 4036 et
659 3981 759 4036 nectes
781 3974 910 4036 hubeent
932 3972 1007 4036 udeo
1029 3975 1149 4052 longae,
1179 3977 1366 4037 creberrimae
1389 3993 1442 4035 er-

7 4100 9 4103 ·
84 4067 241 4142 periuntur
270 4062 525 4125 obtenebratioues
556 4065 705 4141 utriunque
733 4061 844 4144 siderio.
891 4061 949 4122 Pro
979 4079 1014 4123 eo
1037 4064 1130 4137 enim,
1161 4063 1240 4140 quod
1268 4080 1360 4143 penes
1391 4080 1445 4122 uos

13 4155 16 4160 '
83 4169 197 4228 magne
219 4148 384 4211 defectuum
407 4167 475 4227 pers
497 4151 600 4211 usnsit
622 4152 660 4211 ed
682 4157 797 4211 uosuoe
819 4149 988 4228 antipodes,
1015 4149 1131 4213 illorum
1153 4148 1440 4226 conticentipodes,

12 4255 18 4267 ··
85 4243 199 4317 quippe
220 4238 387 4316 privolrue,
409 4237 481 4297 nibil
503 4239 619 4316 penitus
640 4239 744 4300 horum
767 4238 876 4313 vident,
900 4238 956 4316 ipei
979 4237 1143 4300 subrolree
1165 4238 1220 4300 soli
1244 4240 1350 4299 omniu

193 4325 324 4402 Eolipsin
347 4323 462 4386 Volvee
493 4324 614 4386 toteiem
640 4343 699 4387 non
726 4326 828 4386 rident
855 4321 1063 4405 unquumffil),
1095 4324 1148 4390 sod
1172 4329 1276 4386 treneit
1298 4326 1369 4402 ipeie
1391 4339 1444 4399 per

86 4431 197 4492 corpus
217 4412 336 4474 Voluce
357 4413 473 4474 macule
498 4414 642 4490 quaedem
663 4431 756 4491 perro
770 4408 822 4492 1117)
844 4412 1006 4474 rubicunde
1022 4417 1052 4472 in
1066 4415 1201 4474 extremis
1213 4409 1277 4490 ¹⁸⁵),
1300 4414 1329 4469 in
1345 4409 1442 4469 medio

86 4502 173 4578 nigre
184 4494 248 4582 187),
271 4501 410 4578 lectoque
433 4503 567 4578 ingressu
588 4501 627 4563 eb
642 4504 752 4562 oriente
769 4500 894 4576 Volrue,
918 4503 978 4561 exit
993 4518 1043 4578 per
1058 4501 1266 4561 occidentalem
1286 4514 1365 4558 orem
1378 4490 1442 4572 11111),

87 4586 214 4650 eundem
244 4586 363 4665 quidem
394 4591 472 4648 viem
507 4605 573 4650 cum
600 4589 723 4651 meculie
744 4588 860 4650 Volvee
887 4589 1012 4664 nativis,
1042 4590 1233 4667 praeveniens
1265 4592 1363 4644 tamen
1387 4599 1438 4642 eus

89 4676 254 4798 celeritrrfg²
250 4669 319 4751 ¹⁹¹).
363 4675 516 4754 Durutqne
542 4683 656 4739 sextam
684 4677 774 4738 horse
803 4693 875 4739 enne
901 4683 1015 4753 portem
1045 4694 1098 4737 seu
1122 4681 1246 4755 quatuor
1274 4669 1362 4730 horae
1383 4687 1441 4730 no-

89 4771 199 4826 etretee
267 4810 274 4823 .

198 4760 308 4915 selden
331 4849 452 4932 deliquii
474 4867 565 4916 cenes
586 4851 619 4914 tit
640 4852 712 4938 ipsis
734 4867 789 4914 sne
811 4849 925 4926 voire,
948 4849 1036 4932 plene
1059 4856 1092 4914 ut
1112 4848 1197 4910 nobie
1217 4849 1316 4914 noste
1337 4841 1439 4928 uun„
