3398 5426
275 375 343 444 214
637 369 813 429 Collectauea
830 383 865 426 ax
883 367 1021 426 codicibus
1038 365 1274 425 Pullrovieusibus.

276 555 577 634 perfectissimamque
600 553 717 611 virtutis
740 551 840 627 instar,
865 548 944 628 quod
967 548 1062 610 solum
1085 547 1121 610 de
1144 565 1197 607 suo
1217 549 1384 624 progenitor
1405 545 1564 624 nepotibus
1585 563 1637 604 re-

275 645 397 721 linquit,
428 642 562 719 diligenti
591 642 697 701 mentis
726 640 835 698 iutuitu
865 637 1109 714 contemplentur,
1140 633 1301 711 ardoreque
1329 635 1420 694 animi
1442 634 1569 710 majore,
1602 641 1637 692 ut

278 731 484 804 domesticum,
516 730 677 805 exprimere
706 735 736 786 51
759 729 816 805 ipsi
840 729 1056 802 concupiscant.
1102 724 1199 798 Atque
1222 726 1333 783 utinam
1363 721 1421 784 vel,
1437 723 1582 780 maturius
1605 723 1637 778 iu

279 820 356 880 hane
376 819 558 896 provinciam
582 816 808 887 concessissem,
832 811 880 875 uel
904 821 1019 890 tempus
1041 813 1098 872 hoc
1120 810 1300 872 breviculum
1323 813 1546 870 conversatione
1568 825 1638 868 eum

275 906 468 984 prudentibus
492 920 646 980 rerumque
668 903 900 979 intelligentibus
922 900 1027 960 melius
1050 899 1250 974 collocassem,
1274 915 1333 975 quo
1356 896 1405 957 vel
1419 897 1556 974 propiora
1580 895 1637 956 de·

277 995 367 1056 iuncti
384 995 497 1066 notitia,
522 991 570 1052 vel
585 991 679 1051 relatu
695 997 880 1068 expertorum
903 989 1033 1049 imbutus
1048 989 1186 1062 animum,
1209 986 1408 1064 perfectiorem
1422 984 1531 1044 Herois
1546 983 1638 1058 hujus

276 1082 373 1143 ideam
404 1083 535 1140 oratione
567 1080 727 1155 exprimere
751 1073 870 1139 5151115
902 1075 1049 1137 delineare
1079 1091 1207 1152 possem.
1254 1073 1294 1133 51
1316 1075 1393 1150 quia·
1408 1071 1538 1150 optando
1561 1070 1637 1129 nihil

212 1242 214 1250 Ι
277 1169 443 1247 proficitur,
474 1165 547 1226 illud
576 1166 672 1226 solum
701 1163 811 1225 orando
834 1165 960 1225 515515
987 1162 1178 1236 contendam,
1210 1159 1284 1222 Gen.
1313 1161 1458 1234 Eunonen,
1489 1161 1534 1218 uti
1561 1159 1639 1218 haec

280 1255 506 1333 qualiacunque,
531 1271 607 1330 quae
630 1253 700 1313 mihi
722 1254 829 1314 rescire
854 1252 985 1328 contigit,
1008 1253 1119 1328 optimo
1136 1251 1232 1311 animo
1256 1250 1436 1325 consignata,
1461 1264 1517 1307 555
1538 1249 1637 1306 minus

279 1345 391 1404 honum
413 1344 451 1402 ad
474 1342 561 1402 linem
583 1339 742 1415 tendentia,
767 1341 854 1416 aequi
878 1340 1006 1415 bonique
1029 1335 1199 1410 consulatis,
1222 1337 1418 1414 privatimque
1443 1335 1568 1410 quilibet
1582 1351 1638 1412 pro

279 1449 312 1494 se
335 1431 500 1509 adjectione
523 1445 632 1505 eorum,
655 1445 732 1506 quaa
755 1446 774 1488 5
795 1445 842 1490 55
864 1427 1071 1506 praetermissa
1092 1427 1217 1501 noverit,
1240 1423 1396 1502 adaugeat
1420 1427 1480 1496 (Nil
1497 1425 1569 1496 seq.)

389 1677 532 1735 Volumina
549 1677 596 1733 IV.
616 1693 641 1746 p.
661 1677 694 1734 55
714 1693 750 1735 ss.
777 1677 969 1748 proposuimus
993 1674 1270 1751 epistolcmliiepleri
1294 1673 1329 1730 55
1346 1673 1519 1730 Maestliuum
1545 1673 1638 1728 datam

170 1765 179 1772 '
286 1759 311 1816 5.
331 1758 357 1815 9.
374 1759 440 1814 Deo.
460 1758 528 1814 1598
548 1762 575 1812 51
593 1773 620 1826 p.
639 1758 683 1814 70.
709 1773 798 1826 pauca
821 1757 993 1812 exhibuimus
1018 1771 1033 1810 e
1056 1753 1233 1824 responsione
1255 1754 1402 1810 5155511151.
1443 1754 1519 1808 15151
1543 1767 1638 1805 mauu·

280 1835 701 1907 scriptaKepleriPulkoriensia
709 1835 934 1906 deprehendimus
942 1834 1156 1904 disquisitionem
1169 1832 1395 1903 chronologicam,
1408 1831 1443 1887 ad
1454 1831 1526 1886 hanc
1536 1829 1639 1884 515551-

279 1914 328 1971 1151
340 1916 544 1984 responsionem
557 1913 743 1986 pertinentem,
756 1915 926 1984 inscriptam:
937 1913 986 1970 En
999 1913 1138 1970 5555515551
1150 1914 1293 1968 literarum
1304 1912 1444 1968 Maeotiins'
1455 1909 1497 1966 22.
1511 1909 1579 1966 Just.
1595 1907 1637 1963 119.

385 1993 533 2048 Examinat
556 1993 643 2062 primo
661 1991 796 2061 Keplerus
818 1993 888 2048 haec
905 1991 1043 2048 Maestlini
1066 1990 1163 2046 rerba:
1190 1989 1497 2054 ,15555205555155
1515 2003 1533 2040 5
1551 1995 1639 2040 55115

283 2071 329 2127 Eli
347 2069 381 2126 ad
401 2087 491 2128 arcam
509 2071 713 2142 Hierosolymas
732 2071 885 2126 deductam.
926 2069 963 2125 At
986 2070 1039 2125 hoc
1064 2068 1144 2123 modo
1167 2067 1280 2122 nimium
1303 2065 1505 2123 abbreviabitur
1530 2071 1639 2134 tempus

281 2149 422 2205 Samuelis.
458 2150 528 2206 Nam
546 2151 635 2205 David
652 2165 707 2205 555
726 2159 790 2204 5515
807 2151 833 2204 7.
853 2149 889 2217 (51
906 2149 987 2204 modo
1005 2163 1059 2202 nou
1080 2146 1135 2215 14.)
1160 2160 1260 2200 anunm
1277 2146 1354 2214 regui
1372 2145 1415 2200 sui
1432 2142 1637 2214 Hierosolyma

281 2228 368 2297 oepit,
392 2227 525 2283 habitarit
551 2229 621 2283 enim
640 2230 673 2301 ⁶i
692 2228 721 2282 15
738 2227 865 2282 Hebron:
889 2231 996 2282 restant
1013 2241 1077 2295 ergo
1096 2225 1130 2280 ta
1148 2225 1219 2280 5551.
1256 2224 1311 2281 Sed
1327 2223 1459 2280 Davidem
1477 2223 1573 2278 multis
1590 2238 1639 2278 an·

280 2306 322 2363 515
340 2313 501 2376 persecutus
523 2313 566 2360 est
585 2305 663 2372 Saul,
687 2313 833 2375 postquam
851 2303 884 2359 ab
907 2303 968 2372 ipso
987 2303 1136 2358 secuudum
1154 2317 1254 2356 555551
1276 2309 1408 2371 regnante
1426 2303 1466 2372 (l.
1485 2301 1561 2356 Sam.
1579 2300 1639 2368 13.)

280 2401 395 2455 reguum
413 2384 592 2440 auferendum
611 2383 738 2438 scribitur
759 2384 873 2446 1.,8515.
893 2385 935 2439 15.
970 2383 1172 2438 Existimautur
1194 2383 1269 2452 apud
1286 2380 1433 2451 plerosque
1451 2379 1639 2448 Chrouologos

282 2462 346 2520 5551
364 2465 406 2531 10,
426 2461 475 2516 555
491 2461 625 2529 fingamus
643 2469 750 2518 1551551
769 2463 904 2531 755555,
921 2475 984 2516 uam
1002 2467 1044 2516 tot
1062 2460 1193 2517 historiae
1210 2458 1407 2532 persecutionis
1425 2458 1486 2526 ejus
1504 2455 1639 2528 pauciori-

282 2541 334 2596 bus
353 2540 432 2594 aunia
450 2538 580 2610 compleri
599 2557 654 2595 uon
670 2545 807 2609 poterunt
843 2540 959 2596 Restant
976 2539 1058 2608 igitur
1076 2540 1093 2596 e
1111 2538 1182 2606 anui,
1206 2537 1354 2608 ablatoque
1372 2537 1386 2589 1
1409 2536 1489 2591 ue12
1507 2535 1587 2590 anuis
1604 2534 1638 2588 ab

283 2618 344 2685 ejus
363 2617 583 2688 inauguratione,
603 2617 722 2673 Samueli
740 2634 795 2674 uon
814 2619 922 2672 omnino
941 2617 956 2672 5
975 2617 1039 2670 5551
1056 2615 1159 2671 residui
1177 2619 1255 2686 5551,
1273 2617 1346 2671 15115
1363 2631 1432 2685 5555
1450 2615 1512 2685 1555
1530 2621 1639 2684 propter

283 2696 388 2752 senium
406 2694 554 2764 pluresque
571 2694 679 2751 labores
696 2695 769 2751 filios
788 2696 870 2750 etiam
888 2692 991 2764 populo
1010 2693 1141 2764 praefecit
1160 2693 1195 2763 (1.
1215 2694 1340 2762 85158.)
1365 2699 1393 2748 51
1415 2699 1531 2763 propter
1548 2706 1638 2746 senee-

283 2781 339 2829 tam
356 2787 373 2826 a
390 2772 492 2842 populo
512 2773 602 2829 5111515
621 2777 764 2830 55555155
783 2773 842 2830 tuit.
878 2773 968 2843 Quare
986 2773 1026 2827 illi
1043 2773 1078 2828 20
1095 2771 1160 2826 anni
1178 2775 1217 2842 (1.
1237 2771 1308 2830 Sam.
1327 2773 1366 2842 7.)
1386 2771 1496 2828 omniuo
1515 2770 1639 2825 ridentur

281 2851 354 2906 finiri
371 2851 399 2904 iu
416 2850 464 2906 illa
482 2850 608 2920 historia,
635 2866 705 2920 quae
722 2851 761 2906 ibi
779 2869 842 2906 mox
861 2851 995 2920 sequitur,
1020 2849 1120 2918 quihus
1143 2848 1262 2920 populus
1280 2865 1376 2919 parum
1400 2848 1493 2919 paruit
1511 2845 1638 2915 Samueli,

285 2930 335 2986 555
352 2928 390 2988 151
408 2935 472 2999 post
489 2929 634 2999 gloriosam
653 2929 841 2986 liberationem
859 2931 949 2999 ipsum
964 2927 1084 2997 judicem
1103 2928 1315 3000 constituerunt,
1334 2926 1504 2986 5511555511
1522 2923 1639 2996 51551511

282 3009 388 3076 aliquot
405 3007 498 3077 plures
517 3023 603 3064 55555
622 3022 710 3078 55555
728 3007 763 3064 55
781 3008 893 3066 Senium
911 3005 1038 3064 electum.
1068 3005 1139 3062 Hinc
1157 3005 1247 3074 colligi
1263 3013 1380 3078 possunt
1397 3006 1434 3062 40
1451 3005 1518 3060 5551
1531 3003 1638 3060 Samue-

281 3086 316 3142 lis
334 3093 362 3141 et
380 3085 466 3142 Sauli.
729 3101 732 3109 ·

390 3164 435 3220 Ad
451 3165 521 3222 haee
539 3164 622 3234 igitur
639 3165 788 3241 lieplerus:
820 3160 886 3224 Iud.
912 3168 960 3236 11,
987 3167 1036 3225 te.
1058 3160 1178 3222 ultimus
1197 3159 1289 3238 judex
1312 3159 1429 3234 Abdou,
1453 3159 1638 3236 55155515-

283 3249 541 3310 5111555515555
564 3257 770 3328 etpornposa.
814 3249 879 3310 lud.
906 3256 955 3322 ts,
981 3256 1016 3310 1:
1051 3249 1127 3324 ,Die
1149 3247 1260 3309 Kiuder
1282 3248 1390 3310 Israels
1420 3247 1523 3308 1511155
1553 3247 1638 3306 151151

282 3331 399 3397 rbels.“
434 3337 511 3413 Ergo
533 3336 608 3397 haec
629 3337 754 3419 51515115
774 3339 924 3397 servitutis
940 3336 1120 3396 Philistaeae
1144 3343 1190 3396 est
1211 3335 1403 3413 intelligenda
1423 3343 1493 3413 post
1516 3343 1636 3394 mortem

283 3422 433 3496 Abdouis,
464 3426 522 3483 5151
545 3426 705 3485 communis
734 3423 849 3500 phrasis
876 3427 915 3484 sit
939 3431 1146 3506 „perrexerunt
1174 3423 1300 3500 emplius
1322 3421 1476 3500 peccare“,
1501 3423 1543 3482 ob
1566 3422 1638 3480 hauc

284 3527 405 3572 causam
426 3511 475 3572 hio
497 3527 615 3588 quoque
637 3513 770 3589 repetita,
793 3518 827 3570 ut
848 3512 958 3588 ubique
982 3514 1108 3585 vestigia
1130 3511 1189 3570 sint
1210 3513 1374 3586 argumenti
1397 3528 1461 3588 cap.
1479 3517 1509 3572 2.
1528 3525 1637 3588 propo-

285 3599 343 3660 siti.
374 3598 411 3658 V.
438 3601 466 3658 5.
489 3599 613 3675 augelus
635 3598 765 3676 loquitur
787 3598 823 3658 de
845 3603 985 3662 servitute
1007 3598 1168 3659 Plrilistaea
1189 3607 1353 3675 praesente.
1385 3598 1420 3657 Id
1443 3604 1528 3658 15515
1545 3597 1636 3673 magis

284 3683 468 3760 eredendum,
492 3688 563 3762 5515
585 3686 668 3746 151115
692 3687 796 3762 capitis
816 3685 878 3762 jam
901 3685 937 3747 55
960 3685 1062 3746 eadem
1085 3687 1226 3748 servitute
1240 3685 1380 3762 loquitur.
1418 3685 1513 3746 Porro
1530 3693 1635 3745 notau-

240 3829 243 3837 .
285 3771 364 3844 dum,
387 3775 457 3848 quis
478 3780 546 3850 post
568 3781 689 3834 mortem
713 3772 1361 3850 5555515155511555115Ρ5111515551551
1385 3779 1414 3832 et
1437 3773 1528 3833 iidem
1543 3771 1637 3832 Phili-

285 3863 360 3919 stael
383 3861 470 3919 etiam
492 3861 548 3920 suh
571 3860 618 3920 Eli
640 3867 775 3937 premunt
796 3860 954 3934 Israeliten,
979 3867 1011 3920 ut
1033 3868 1062 3922 51
1084 3861 1139 3919 555
1154 3859 1302 3935 Samuele,
1325 3858 1425 3934 Saule,
1450 3858 1581 3934 Davide,
1605 3875 1637 3919 cx

284 3963 321 4006 55
343 3943 458 4021 colligi,
487 3949 626 4007 55511555
649 3963 719 4008 5555
742 3965 805 4008 5555
828 3947 1004 4008 Philistaeos
1034 3947 1190 4022 felicitate,
1221 3948 1358 4026 5555555
1388 3948 1563 4024 coniectura
1585 3953 1635 4018 est,

286 4050 344 4094 non
367 4033 490 4094 meritum
512 4041 628 4110 tempus
650 4035 770 4094 fluxisse
793 4036 866 4094 inter
889 4036 1060 4096 Samsonem
1080 4041 1109 4095 et
1133 4033 1288 4096 Davidem.
1328 4035 1413 4096 5555
1437 4033 1520 4112 5555
1546 4051 1571 4095 a
1590 4041 1635 4095 11.

286 4121 394 4180 5551511
414 4120 553 4181 1115151155
577 4123 763 4192 continuitas,
786 4139 853 4181 uam
876 4139 939 4200 cop.
966 4129 1101 4183 17-21.
1124 4123 1467 4198 555151115515155ι5;
1491 4125 1537 4184 sic
1560 4129 1636 4182 15155

284 4207 359 4268 11551
381 4205 470 4267 Ruth.
516 4209 557 4266 At
581 4215 607 4268 1.
631 4208 710 4268 Sam.
734 4209 843 4269 reditur
871 4209 908 4270 ad
932 4212 1179 4270 continuationem
1207 4211 1358 4271 historiae.
1403 4211 1556 4272 Interdum
1580 4213 1635 4270 115·

286 4311 343 4371 555
374 4295 514 4374 conjicio,
543 4295 598 4356 hos
622 4301 662 4356 40
685 4314 778 4357 anuos
807 4298 933 4374 incipere
964 4305 1100 4358 5515115
1124 4296 1274 4372 5555515,
1306 4299 1439 4360 desinere
1468 4301 1501 4358 in
1523 4300 1635 4358 initium

286 4380 393 4457 Saulis,
418 4389 450 4440 ut
471 4389 576 4459 postea
598 4381 770 4444 videbimus.
816 4383 874 4444 Sed
898 4386 1005 4457 obstat,
1029 4384 1108 4460 quod
1130 4393 1216 4446 uatus
1240 4391 1285 4446 est
1307 4385 1424 4447 Simeon
1446 4387 1503 4447 sub
1527 4385 1574 4445 his
1597 4388 1635 4444 to

287 4470 371 4527 55515
396 4476 431 4556 ‚et
457 4468 636 4546 indicated
660 4474 946 4532 auuosetmoritur
974 4472 1028 4530 555
1057 4471 1160 4532 iisdem
1184 4479 1225 4532 40
1249 4476 1344 4534 anuis.
1390 4474 1469 4550 Ergo
1495 4476 1635 4551 inciperet

288 4561 356 4616 ante
386 4561 435 4615 20.
459 4560 565 4617 5515115
592 4574 700 4617 anuum
726 4558 876 4635 judicare,
907 4565 1066 4620 moreretur
1094 4567 1245 4626 551540.
1269 4578 1378 4622 555515
1409 4563 1537 4635 5515115;
1569 4563 1635 4619 1155

288 4650 446 4702 1551515151
474 4662 534 4703 555
562 4662 627 4705 555
651 4646 714 4718 Eli,
744 4645 880 4723 Hophni‚
910 4646 1022 4706 Pineha
1050 4646 1098 4706 vel
1121 4645 1209 4723 paulo
1233 4656 1313 4708 ante,
1357 4649 1437 4726 Ergo
1460 4655 1633 4720 statuamus,

288 4734 389 4786 natum
417 4730 472 4789 suh
502 4733 591 4807 priori
620 4734 762 4794 seruitute
791 4737 880 4794 mixta
901 4732 1064 4794 Philisteee
1092 4741 1122 4794 et
1144 4735 1342 4796 Ammonitica
1370 4743 1439 4798 aute
1463 4735 1633 4814 Jephtbam,

290 4813 434 4891 incepisse
452 4815 598 4895 judicare,
622 4835 688 4882 cum
711 4829 788 4885 55551
809 4819 953 4900 perlectae
975 4822 1097 4898 aetatis,
1119 4837 1160 4884 55.
1183 4839 1327 4884 annorum
1350 4825 1402 4902 55,
1425 4825 1523 4886 51515
1545 4839 1635 4887 annot
