3398 5426
114 389 128 418 '
141 345 148 374 ’Ἴ
174 385 181 402 “’
231 409 233 414 ‘
297 395 365 464 274
658 371 830 456 collectanea
847 409 882 452 cx
900 394 1038 456 codicibus
1055 391 1289 452 Pultoviensibns.

401 571 435 628 In
452 571 522 628 libro
540 571 601 642 ipso
614 571 737 645 Scaliger
751 573 799 628 illa
816 572 939 643 plumbus
958 571 1096 643 explicare
1113 586 1164 626 nec
1181 584 1236 625 non
1253 566 1438 622 demonstrare
1449 559 1558 628 studet,
1575 572 1649 630 prae·

4 618 21 673 ⁴³
90 613 137 720 '2³³
161 727 163 734 γ
297 649 388 707 missis
407 649 633 722 explicationibus
652 667 759 724 eorum,
778 652 877 722 quihus
894 652 937 708 nsi
955 658 1020 708 sunt
1037 657 1143 707 veteres
1161 651 1286 717 interque
1304 659 1351 699 eos
1367 641 1518 713 praecipue
1536 637 1649 708 Hippar-

297 729 364 785 chns
389 729 419 786 in
442 729 659 788 demonstrandis
685 731 753 788 locis
776 731 901 792 fixarum.
941 730 1127 802 Hipparchum
1150 730 1215 785 dicit
1238 721 1421 793 longitudines
1445 728 1474 776 et
1491 716 1649 804 latitudines

297 809 437 866 stellarum
450 810 485 867 ad
497 815 687 881 aeqnatorem,
706 826 761 865 non
779 811 814 866 ad
833 811 985 881 eclipticam
997 808 1139 879 retulisse;
1159 808 1302 877 quievero
1321 805 1453 869 aequatos
1471 816 1488 855 a
1507 796 1610 853 coluris
1625 809 1650 846 m
1693 865 1698 880 Ι

297 893 391 958 partes
409 890 549 959 aequales,
578 888 704 959 echptica
728 895 819 946 antem
837 891 866 946 in
883 889 1039 958 inaequales
1057 895 1150 958 partes
1176 889 1296 950 secetur,
1322 885 1483 951 „propterea
1509 875 1649 931 dodecate
1696 887 1698 900 ’

298 967 383 1023 moria
401 967 527 1038 paralleli
544 967 641 1026 stellae
659 985 798 1040 nunqnam
817 970 978 1025 donvenient
995 965 1220 1023 dodecatemoriis
1238 960 1389 1029 eclipticae,
1407 957 1460 1013 nisi
1476 955 1509 1010 in
1530 953 1650 1010 saeuo
1697 1009 1698 1012 Ἴ

93 1049 100 1104 .‘
187 1075 188 1088 ι
296 1045 377 1102 nibus
394 1046 627 1116 aequinoctiorum
645 1051 673 1102 et
688 1047 853 1116 tropicarum
870 1051 1059 1118 punctornm“.
1084 1045 1183 1100 Omnes
1201 1042 1292 1110 itaque
1313 1037 1472 1094 latitudines
1490 1041 1523 1089 et
1540 1029 1650 1098 longitn-

298 1123 375 1180 dines
395 1125 535 1180 stellarum
553 1125 702 1182 secundum
719 1124 907 1196 Hipparchum
927 1125 1031 1180 nullam
1054 1123 1244 1193 cognationem
1265 1117 1367 1174 habere
1389 1129 1451 1170 cum
1469 1110 1650 1200 Ptolemaios,
1697 1165 1698 1168 ,

301 1218 362 1258 cnm
380 1203 554 1260 Ptolemaeus
572 1203 704 1274 parallelo
722 1205 864 1274 eclipticae
882 1209 981 1261 utatur.
1016 1205 1059 1260 De
1077 1201 1181 1272 origine
1200 1197 1338 1264 „theoriae
1361 1195 1504 1252 stellarum
1523 1191 1650 1280 fixarum·

298 1297 382 1352 agens
395 1289 483 1340 ortam
494 1299 555 1340 esse
568 1283 633 1340 dicit
641 1284 828 1356 „opinionem“
843 1284 876 1340 dc
889 1283 1012 1340 solstitiis
1024 1298 1086 1338 cnm
1097 1281 1164 1351 ipsis
1176 1276 1393 1349 olympiadibus,
1412 1271 1563 1364 Haletem
1575 1285 1650 1337 senil

298 1361 367 1416 sisse
386 1361 421 1416 de
438 1361 616 1431 aequinoctiis
634 1368 663 1418 et
680 1363 818 1432 solstitiis,
836 1362 1068 1420 Anaximandrum
1086 1358 1259 1430 gnomonicas
1277 1357 1396 1411 rationes
1413 1353 1557 1408 invenrsse
1575 1364 1599 1402 c.
1616 1346 1651 1436 Ol

298 1438 398 1507 LVIII,
417 1439 599 1497 Cleostratam
616 1439 759 1498 zodiacum
776 1443 901 1499 divisisse
919 1443 947 1496 in
965 1441 999 1496 12
1018 1439 1097 1509 signa
1109 1456 1132 1494 c.
1146 1438 1187 1493 Ol.
1199 1436 1283 1504 Lxx,
1300 1437 1439 1492 Matonem
1452 1432 1487 1487 70
1499 1434 1570 1500 post
1582 1439 1651 1481 annu

104 1523 122 1594 ,ξ
156 1501 158 1504 ’
195 1541 197 1543 ·
235 1575 236 1588 ,
298 1517 445 1574 solstitium
458 1520 629 1591 observasse,
651 1538 728 1587 ,oum
742 1521 1119 1592 jamuuaparteatempore
1138 1515 1282 1572 nicostrati
1295 1509 1515 1578 antevertisset“,
1535 1513 1651 1576 tempore
1697 1561 1698 1590 ζ

49 1646 58 1671 Ι
135 1597 152 1626 ”
259 1645 260 1648 ,
297 1597 407 1654 Eudoxi
425 1598 543 1669 denique
562 1600 616 1670 (01.
636 1601 704 1671 CV.)
729 1603 762 1670 „o
780 1599 908 1669 gradibus
926 1601 961 1655 ab
980 1597 1140 1670 Olympiade
1164 1595 1318 1666 praecessio
1336 1593 1409 1647 iacta
1427 1594 1499 1657 erat,
1522 1587 1552 1641 h.
1572 1602 1595 1640 e.
1612 1584 1653 1637 14⁰
1697 1611 1698 1614 ι

298 1674 431 1732 absolutis
449 1679 484 1735 ab
496 1680 522 1734 8.
540 1685 619 1749 purte
630 1679 713 1748 prisci
727 1676 937 1733 dodecatemorii
956 1677 1077 1733 Cancrit‘.
1107 1676 1269 1731 Accuratius
1291 1671 1472 1741 investigasse
1489 1673 1599 1737 puncta
1615 1677 1651 1715 as-
1697 1685 1698 1688 ¹

276 1809 278 1820 ,
298 1756 474 1825 quinoctialia
492 1763 521 1813 et
537 1760 642 1828 tropica
659 1764 723 1828 post
741 1757 888 1814 Eudoxum
901 1756 1088 1812 Timocharem
1106 1762 1134 1811 et
1145 1752 1313 1824 Aristyllum,
1335 1757 1382 1815 „nt
1399 1746 1551 1804 distantias
1571 1740 1652 1831 stella·

297 1850 359 1890 rum
376 1849 393 1890 a
411 1835 531 1892 sectione
549 1853 633 1892 verna
650 1833 853 1906 deprehendere
870 1835 1009 1905 possent“¹
1042 1833 1206 1902 Cognovisse
1224 1833 1284 1900 hos,
1304 1829 1396 1886 stellas
1415 1843 1471 1883 non
1489 1823 1609 1879 eandem
1620 1819 1652 1875 dr·

25 1880 119 1975 ⁹
144 1961 152 1990 a
192 1913 193 1922 ’
231 1945 243 1972 ,υ
298 1914 426 1969 stantiam
450 1915 485 1973 ab
508 1921 658 1984 aequatore
680 1930 799 1988 servare,
826 1932 908 1986 qnam
933 1915 973 1971 eis
998 1915 1131 1978 Eudoxus
1157 1911 1342 1982 assignaverit.
1378 1908 1465 1963 Annis
1491 1908 1546 1961 ¹70
1565 1907 1653 1973 postu

69 1987 127 2042 ³⁴¹1
144 2007 154 2034 ι’
180 1977 184 1998 '
210 2045 211 2052 ,
246 2033 261 2062 4
298 1991 486 2062 Hipparchum
504 1992 612 2048 illorum
630 1993 835 2052 ohservationes
853 2012 914 2051 eum
933 1996 989 2051 suis
1008 1997 1209 2063 comparantem
1227 1988 1463 2055 animadvertisse,
1488 1982 1590 2040 stellas
1607 1991 1654 2033 noa

16 2068 26 2083 .
51 2077 84 2102 a,
113 2073 151 2088 ,,
182 2067 185 2076 .

298 2070 411 2126 eandem
430 2070 616 2142 latitudinem,
639 2072 667 2128 h.
687 2088 711 2130 e.
734 2073 891 2131 distantiam
916 2075 950 2131 ab
974 2079 1122 2144 aequatore
1139 2078 1245 2142 tenere,
1272 2085 1353 2140 qnam
1377 2067 1418 2122 illi
1442 2061 1653 2120 observaverint

295 2149 401 2207 Motum
418 2151 493 2206 huuc
511 2153 584 2209 circa
600 2152 695 2221 polum
706 2152 855 2224 eclipticas,
874 2169 930 2208 non
947 2153 1020 2208 circa
1031 2150 1123 2221 polum
1137 2151 1292 2221 aequatoris
1308 2149 1375 2217 fieri,
1387 2144 1582 2216 Hipparchum
1600 2155 1654 2195 con

297 2229 406 2286 eludere
422 2230 549 2302 idemque
567 2232 705 2288 affirmare
723 2232 918 2301 Ptolemaeum,
936 2231 983 2301 qni
1000 2230 1104 2300 primam
1115 2230 1273 2285 latitudines
1286 2227 1430 2284 stellarum
1439 2240 1495 2280 nou
1508 2223 1547 2280 ab
1565 2231 1655 2308 aequa·
1697 2283 1698 2292 χ

295 2317 366 2378 tore,
385 2311 434 2365 sed
452 2312 486 2365 ab
504 2311 631 2382 ecliptica
649 2311 795 2383 capiendas
816 2326 876 2366 esse
895 2311 1039 2368 censuerit.
1078 2309 1165 2376 ,Hinc
1183 2308 1236 2364 dno
1255 2315 1318 2366 sunt
1340 2314 1407 2363 nata
1430 2305 1558 2372 diversa,
1583 2297 1654 2355 derh-

296 2389 370 2444 natio
389 2389 486 2444 stellae
505 2389 539 2446 ab
559 2392 759 2462 aequinoctiali,
778 2398 806 2447 et
823 2389 939 2446 latitudo
959 2387 994 2444 ab
1013 2387 1149 2458 ecliptica.
1179 2387 1221 2442 ub
1241 2404 1273 2442 eo
1291 2395 1414 2456 tempore
1433 2381 1655 2446 adhaerensque

297 2465 368 2521 diem
386 2466 438 2524 hae
457 2469 628 2525 definitiones
646 2470 674 2524 in
698 2488 750 2526 usn
773 2475 861 2527 sunt.“
897 2468 1085 2524 Ptolemaeum
1108 2467 1232 2522 docuisse
1258 2471 1360 2521 motum
1383 2462 1521 2532 sphaerae
1547 2457 1656 2512 fimum

29 2613 36 2632 .<
59 2579 84 2626 'a
191 2561 195 2570 ⁴
295 2545 325 2599 in
342 2546 539 2614 consequentia
557 2561 652 2602 versus
665 2548 803 2606 orientem.
835 2547 956 2618 Scaliger
968 2550 1072 2616 corba,
1090 2546 1232 2602 simmam
1244 2544 1352 2600 stellam
1364 2549 1519 2598 extremam
1533 2533 1656 2594 incands

297 2624 385 2682 Ursae
402 2625 514 2682 minoris
532 2626 560 2681 in
578 2625 674 2682 eodem
691 2643 799 2700 semper
816 2629 939 2684 haesisse
956 2626 1028 2695 loco,
1046 2625 1110 2682 hino
1123 2623 1271 2694 concludit,
1289 2622 1384 2679 stellas
1399 2621 1443 2688 ,in
1461 2615 1657 2687 consequentia

296 2718 353 2759 non
370 2706 497 2760 moveri.“
535 2705 606 2774 Quid
628 2721 715 2776 nnnc,
738 2707 841 2777 pergit,
863 2706 970 2762 hiscere
989 2703 1139 2776 audebunt,
1163 2704 1211 2774 qui
1228 2709 1284 2759 tam
1300 2702 1479 2772 pertinaciter
1498 2695 1655 2759 defendunt,

296 2782 372 2852 quod
390 2783 533 2853 ignoranti
563 2785 633 2842 Nam
651 2786 775 2856 profecto
792 2802 847 2842 non
866 2785 939 2856 quod
957 2785 1045 2841 sciant
1062 2787 1150 2854 certo,
1169 2783 1255 2838 ndum
1272 2781 1405 2852 sphaerae
1424 2785 1541 2839 octavae
1559 2781 1656 2865 motum

297 2863 326 2916 in
343 2865 537 2934 consequentia
555 2880 624 2934 esse,
642 2867 681 2922 ite
698 2866 870 2937 praedicant,
889 2865 938 2922 sed
957 2865 1022 2934 qnia
1037 2863 1078 2919 ita
1097 2863 1175 2933 pueri
1195 2859 1361 2928 didicerunt,
1380 2873 1453 2928 qnae
1471 2873 1556 2914 senes
1574 2855 1656 2910 dedra·

299 2955 361 2996 cere
379 2942 473 3012 pudet.
510 2943 647 3013 Quicquid
664 2944 832 3001 eruditorum
849 2943 1058 3013 Astrologorum
1077 2949 1128 3011 est,
1147 2941 1201 2998 huc
1219 2944 1383 2996 concurrant
1401 2941 1430 2991 et
1447 2951 1547 2993 omnes
1566 2946 1656 3004 opem

298 3020 536 3091 saecuculorum,
560 3028 591 3078 nt
608 3020 685 3079 illum
704 3021 859 3079 iabnlosnm
877 3028 980 3087 motum
998 3025 1139 3092 tueantur,
1162 3019 1232 3074 nihil
1249 3024 1339 3088 agent.
1376 3016 1449 3072 Satis
1469 3032 1519 3072 eos
1546 3029 1656 3072 summo·
1697 3051 1698 3058 ι

296 3099 372 3154 rebit
389 3102 474 3156 totius
492 3103 638 3160 vetustatis
657 3101 813 3158 auctoritas.
848 3102 924 3157 Haec
947 3100 1071 3170 pluribus
1097 3107 1259 3170 prosecutus
1279 3095 1402 3166 Scaliger
1418 3094 1615 3165 Hipparchum
1635 3095 1657 3144 si

296 3176 484 3235 Ptolemaeum
508 3187 537 3237 et
557 3196 680 3248 ,omnem
705 3180 904 3250 astrologorum
925 3179 1079 3238 nationcm“
1102 3176 1280 3234 absurditatis
1307 3176 1397 3256 arguit
1419 3181 1448 3231 et
1471 3175 1657 3231 demonstrare

297 3255 407 3328 nititur,
429 3259 618 3328 „aequinoctia
635 3260 664 3315 in
681 3259 871 3317 antecedentia
887 3260 965 3318 niti“.
983 3291 1017 3303 -
1421 3311 1425 3318 .

406 3337 437 3390 ln
461 3339 652 3408 manuscriptis
678 3339 906 3394 Pulhoviensibus
934 3338 1162 3408 deprehendimus
1189 3338 1387 3414 fragmentum,
1419 3335 1495 3407 quod
1523 3333 1657 3404 inscripsit

300 3413 448 3484 Keplerns:
475 3418 569 3474 Notae
586 3419 623 3475 ad
641 3419 776 3490 Sculipora'
793 3419 942 3475 diatribam
953 3418 987 3474 de
1002 3419 1191 3488 aequinoctiis,
1210 3416 1410 3487 quodquidam
1430 3431 1486 3471 non
1506 3415 1544 3470 ad
1562 3415 1656 3470 calcem

230 3495 231 3506 ¹
299 3494 463 3564 perductum
484 3511 574 3567 nequo
597 3499 773 3568 undiquaque
795 3495 946 3566 perlectum
969 3497 1050 3552 etad
1072 3503 1168 3568 typam
1189 3504 1384 3568 praeparatum
1407 3503 1462 3566 est,
1486 3511 1584 3565 neque
1601 3508 1657 3548 vero
1697 3525 1698 3536 ι

299 3579 406 3629 tantum
423 3575 458 3631 ad
475 3576 595 3646 privatos
613 3592 680 3633 usus
698 3577 882 3646 couscriptum
893 3574 1008 3646 videtur,
1026 3575 1076 3632 scd
1093 3574 1167 3646 qnod
1183 3577 1365 3634 commodiore
1383 3577 1456 3633 torte
1473 3581 1604 3645 tempore
1620 3589 1657 3630 ac

224 3691 238 3700 .
301 3653 422 3708 curatius
440 3652 633 3710 elaborandum
651 3654 702 3710 sibi
717 3655 861 3724 proposuit
877 3655 1022 3726 Keplerus.
1053 3655 1113 3724 Quo
1132 3661 1255 3726 tempore
1267 3654 1429 3725 conscripsit
1446 3651 1576 3710 libellam
1594 3653 1657 3708 hunc

299 3731 446 3802 Keplerus‚
465 3748 521 3787 non
539 3733 620 3802 plane
639 3741 754 3804 constat,
773 3735 905 3804 inspectis
923 3751 987 3790 voro
1006 3733 1130 3791 Jesnitae
1149 3735 1235 3791 Curtii
1252 3733 1349 3805 literis,
1367 3733 1439 3797 datis
1457 3733 1591 3801 Dilingae
1602 3731 1626 3785 d.
1638 3731 1659 3784 3.

301 3811 377 3882 Sept.
398 3811 479 3882 tuat,
503 3828 558 3866 non
583 3812 642 3868 sine
660 3813 781 3870 veritatis
803 3813 894 3883 specie
912 3812 1091 3882 adfirmamus,
1118 3815 1306 3884 conscriptum
1325 3829 1386 3870 esse
1403 3829 1455 3884 per
1472 3828 1578 3869 annm
1597 3809 1659 3870 tusi

300 3891 407 3948 Ulmae.
435 3891 512 3946 Haeo
531 3892 601 3946 enim
619 3891 734 3961 legimus
750 3893 779 3946 ιιι
797 3892 840 3948 ιιι
852 3893 951 3950 literis:
969 3893 1065 3962 Nuper
1078 3892 1176 3961 jussas
1189 3908 1247 3948 sum
1261 3910 1297 3950 ex
1314 3899 1343 3949 te
1360 3908 1534 3963 cognoscere,
1556 3894 1659 3961 inquot

300 3969 416 4038 paginas
439 3975 488 4024 ant
511 3970 704 4038 quaterniones
727 3970 839 4041 scriptio
860 3971 907 4028 illa
931 3971 1246 4042 antiscaligeriana
1270 3981 1407 4031 exarmat.
1457 3973 1490 4028 Id
1513 3989 1599 4043 spero
1622 3985 1658 4026 ms

300 4048 425 4118 proxime
441 4046 651 4104 intellecturum.
668 4081 704 4090 -

406 4126 542 4196 Keplerus
559 4126 700 4183 exorditur
717 4145 733 4184 a
749 4129 816 4187 folio
836 4133 877 4188 11.
896 4129 1037 4201 Scaligeri,
1056 4131 1183 4188 dicentis:
1208 4133 1289 4190 Nunc
1307 4133 1343 4189 ad
1361 4148 1420 4188 eam
1438 4136 1548 4202 partem
1567 4144 1658 4202 perga-

300 4219 371 4277 mus,
389 4220 461 4274 quae
479 4209 523 4260 est
540 4203 575 4260 de
592 4205 696 4275 origine
714 4207 835 4267 theoriae
854 4209 995 4268 stellarum
1012 4211 1142 4281 fixarum,
1165 4210 1194 4269 h.
1213 4229 1229 4266 e
1248 4213 1357 4282 qnando
1374 4212 1493 4283 primum
1511 4209 1614 4266 Graeci
1629 4205 1658 4261 ιι

301 4285 540 4353 investigationum
557 4285 640 4354 hardas
657 4287 698 4343 rei
715 4290 833 4346 animum
850 4291 1028 4362 appulerunt,
1047 4291 1090 4345 vel
1108 4297 1140 4346 ut
1156 4293 1233 4363 ipsos
1251 4291 1412 4348 asterismos
1429 4289 1601 4356 formarent,
1623 4284 1657 4339 sel

299 4367 440 4437 ingressus
458 4364 530 4420 Solis
548 4365 577 4421 in
595 4367 674 4436 signa
691 4367 880 4440 observarent,
906 4367 978 4426 unde
995 4369 1098 4440 pendet
1123 4371 1248 4428 doctrina
1266 4368 1508 4440 aequinoctialium
1525 4373 1554 4422 et
1573 4364 1657 4422 solati

301 4447 401 4506 tiorum
426 4452 598 4514 punctorum.
635 4445 663 4500 Si
681 4447 838 4504 asterismos
859 4451 934 4520 ipsos
960 4449 1178 4521 consideremus,
1206 4449 1391 4508 vetustissima
1414 4463 1461 4504 res
1484 4451 1529 4504 est
1547 4453 1579 4501 et
1597 4457 1658 4514 quse

302 4540 408 4580 omnem
425 4524 556 4594 temporis
574 4524 656 4594 prisci
673 4527 829 4582 memoriam
848 4535 968 4598 superat.
998 4528 1069 4585 Nam
1087 4535 1151 4585 unte
1164 4527 1354 4602 Olympiadem
1371 4526 1487 4599 primam
1505 4523 1660 4582 coelestium
1697 4579 1698 4586 ,

302 4603 449 4659 formarum
466 4603 576 4660 uomina
599 4610 691 4676 erant,
718 4612 813 4676 utpote
838 4623 952 4678 quarum
969 4609 1147 4666 vetustissimi
1164 4609 1332 4666 Graecorum
1350 4607 1472 4663 omnium
1489 4605 1658 4676 scriptorum,

301 4679 436 4737 Homerus
455 4688 483 4738 et
499 4681 637 4739 Hesiodus
655 4685 832 4743 meminerint.
861 4687 900 4742 Et
916 4687 1026 4758 quidem
1044 4688 1112 4746 satis
1131 4695 1250 4760 constat,
1270 4689 1360 4761 prima
1376 4685 1426 4745 illa
1444 4684 1535 4744 fuisso
1552 4679 1659 4740 iniant's
1696 4695 1698 4738 2

303 4758 466 4829 astrclogiae
483 4760 557 4830 apud
574 4763 680 4833 priscos
699 4761 818 4824 Graecos
835 4766 993 4826 rudimenta.
1696 4781 1698 4800 ¹
