3436 5416
550 304 825 410 'uersuum
1084 376 1085 379 κ
1169 354 1170 357 ¹
1334 345 1378 422 cc
1463 379 1465 386 ,

53 547 182 612 quousque
205 533 261 594 tibi
281 531 354 595 libet
375 531 514 612 ineptire,
542 535 683 596 metuenti
705 549 724 593 ι
745 535 835 594 tentis
856 532 1020 593 fervoribus
1043 538 1073 592 et
1095 532 1309 593 continentibus
1331 534 1379 594 in·

51 621 275 682 lismmationibns
291 640 309 682 a
324 619 402 696 Sole,
426 623 496 698 quin
512 619 569 682 illis
584 620 719 681 undecim
727 615 769 701 85)
791 621 954 681 aestatibus
970 635 1176 695 congressuum
1190 618 1293 681 Lunae
1310 637 1377 680 eum

51 707 103 768 liele
122 711 245 786 opponis
268 711 391 786 primum
414 707 537 768 totidem
558 707 721 784 plenilunio
739 711 843 766 hiemes
860 710 1015 782 referentia,
1034 706 1163 768 secundo
1185 710 1378 769 mutationum
1478 764 1480 776 ,

50 799 211 854 htensiouum
228 807 256 854 et
272 799 460 856 remissionum
479 798 707 864 continuitatem,
723 811 800 872 queo
813 795 981 854 excessibus
999 797 1106 854 duobus
1125 799 1276 870 contrariis,
1295 797 1379 857 brevi

50 885 166 960 temporis
188 885 283 960 spatio
306 884 538 961 circumscriptis,
561 890 821 960 temperamentum
843 898 928 942 sunm
951 879 1098 956 conciliet,
1122 881 1258 960 quodque
1282 890 1327 944 eet
1347 885 1378 941 in
1418 891 1421 904 ’
1482 929 1483 933 ,
1588 927 1591 934 .

50 970 169 1030 alterutro
191 973 321 1044 nimium,
345 969 375 1029 id
397 969 504 1042 demat,
528 971 578 1030 ubi
600 969 815 1030 mediocritates
838 971 912 1028 iuter
926 986 1072 1042 excessua,
1095 977 1128 1028 ut
1149 987 1203 1046 par
1224 978 1277 1044 est,
1301 979 1377 1031 tem·
1412 1035 1413 1040 ,
1527 973 1529 984 ’

48 1059 146 1134 perlem
169 1060 267 1118 vernis
289 1059 395 1118 uostris
410 1059 590 1135 temporibus
605 1059 820 1136 appositissime
840 1055 1073 1134 comparandam,
1089 1054 1378 1137 complectunturssi).
1467 1056 1471 1069 “
1589 1065 1592 1076 “

133 1145 247 1206 Deinde
275 1141 365 1224 (Sulis
395 1144 508 1221 radius)
540 1145 577 1205 ad
606 1162 660 1205 uos
690 1144 808 1223 quidem
838 1143 987 1206 descendit
1016 1161 1068 1220 per
1095 1149 1192 1206 adrem
1221 1144 1377 1220 turbidum,

20 1279 21 1282 ,
48 1232 112 1291 vires
131 1232 236 1292 isrvori
259 1249 412 1292 assumens
434 1233 473 1292 ab
496 1234 764 1310 evaporationibus,
790 1237 823 1291 ut
844 1249 864 1291 a
884 1233 992 1308 quibus
1014 1231 1064 1292 ilie
1086 1231 1183 1292 alitur.
1220 1231 1286 1294 Illic
1307 1249 1384 1293 vero'

20 1383 22 1388 ,
49 1321 89 1377 air
107 1335 166 1378 cnm
188 1321 228 1379 eit
249 1321 346 1380 tennis
369 1327 399 1380 et
421 1319 525 1396 clerus,
549 1319 672 1398 dissipet
692 1319 885 1381 sedictionem
907 1327 938 1380 at
958 1318 1103 1394 diffundit,
1126 1325 1159 1380 ut
1174 1336 1250 1397 quae
1273 1337 1378 1398 corpus

47 1405 140 1468 buerit
160 1399 339 1488 nullum⁸⁷).

135 1492 232 1558 Silvae
255 1509 325 1554 vero
349 1500 378 1555 et
400 1494 509 1555 tructus
527 1497 557 1554 in
573 1497 654 1554 Luna
672 1494 721 1555 vel
742 1493 849 1555 imbres
872 1492 1012 1569 educent,
1036 1493 1085 1554 vel
1107 1494 1204 1568 aliter,
1235 1500 1268 1553 nt
1290 1511 1380 1571 supra

49 1577 150 1640 Thebae
171 1598 263 1658 penes
285 1597 340 1640 vos
363 1588 393 1642 et
415 1585 491 1642 circa
513 1581 639 1661 Syenen,
662 1583 687 1643 si
708 1589 784 1643 terra
806 1583 897 1654 alique
929 1583 955 1640 si
975 1598 1034 1642 non
1049 1579 1217 1658 pluvialem,
1240 1589 1272 1641 at
1294 1585 1380 1644 terri-

48 1683 137 1742 genam
157 1667 309 1729 humorem
331 1670 472 1730 combibit
494 1671 681 1747 ventulisque
703 1679 733 1730 et
753 1671 866 1729 roribus
888 1675 1042 1743 recreatur,
1067 1685 1124 1730 non
1147 1685 1212 1730 reor
1233 1669 1379 1730 cumulis

48 1762 187 1832 terrarum,
220 1773 296 1832 quae
319 1756 475 1833 plurimum
498 1757 718 1834 compluuntur,
750 1753 948 1818 foecunditate
976 1757 1048 1816 velit
1078 1758 1238 1834 comparari
1261 1765 1379 1834 propter

45 1839 189 1904 benitatem
218 1843 366 1920 quandam
395 1851 426 1904 et
453 1847 623 1921 temperiem
649 1843 834 1920 singularem.
878 1843 916 1903 Et
944 1860 1013 1904 vero
1043 1861 1134 1921 penes
1163 1859 1217 1903 nos
1246 1843 1378 1920 ejusdem

46 1932 140 2005 speciei
160 1930 294 2008 plantae,
324 1933 351 1990 si
373 1928 491 2008 quidem
514 1931 701 1993 vehementer
722 1937 890 2008 premantur
910 1931 1015 1992 hiemis
1036 1933 1194 2008 rigoribus,
1223 1931 1379 1991 sereniores

45 2025 102 2076 sunt
113 2018 278 2095 imetusque
295 2019 385 2079 edunt
398 2019 592 2096 pulchriores,
616 2027 718 2080 uonna
739 2035 809 2080 vero
832 2021 862 2077 in
879 2016 973 2096 Libya
989 2025 1019 2078 et
1032 2018 1112 2097 apud
1127 2036 1181 2080 ros
1195 2020 1224 2077 iu
1241 2018 1377 2098 Aegypto

46 2103 150 2166 medem
170 2107 286 2182 frigoris
316 2105 472 2167 admodum
500 2114 568 2168 snut
589 2108 774 2184 impatientes
802 2113 832 2167 et
859 2104 1019 2166 imbecilles
1046 2107 1084 2167 ad
1111 2107 1223 2166 hiemes
1240 2109 1376 2165 terendas.

45 2187 174 2253 Gedrosia
195 2210 267 2254 vero
291 2199 320 2253 et
343 2193 566 2273 Troglodytioe,
590 2212 667 2272 quae
689 2193 727 2254 ad
749 2209 890 2254 oceanum
913 2190 1078 2269 deseendit,
1107 2209 1173 2254 cum
1191 2194 1234 2253 sit
1255 2193 1378 2270 infrugi-

44 2277 96 2339 isra
114 2280 268 2358 nullasque
292 2283 409 2358 penitus
430 2283 548 2343 arbores
565 2280 715 2360 producat,
738 2284 769 2340 iu
784 2298 819 2342 ea
834 2289 931 2340 temen
947 2290 1037 2358 parts,
1061 2298 1138 2367 quae
1152 2283 1224 2340 mari
1239 2283 1379 2357 contigua

42 2373 80 2424 ost
99 2367 219 2448 ejusque
240 2369 377 2428 fluctibus
399 2368 527 2444 alluitur,
550 2377 627 2430 terra
648 2371 800 2430 nascentia
820 2377 889 2428 sunt
910 2367 1118 2445 magnitudinis
1140 2369 1328 2428 admirandae
1351 2374 1380 2428 et

20 2525 21 2528 Ἴ
44 2467 73 2510 ex
92 2455 231 2530 profundo
255 2463 438 2532 enascuntur,
462 2473 584 2534 quorum
607 2457 668 2518 alia
681 2457 786 2531 olives,
808 2455 868 2516 alie
890 2455 997 2533 laurus,
1020 2457 1080 2518 alia
1096 2455 1184 2516 Isidis
1206 2459 1300 2516 crines
1322 2473 1378 2532 ep-

41 2538 173 2614 pcllitant.
212 2541 296 2618 Quae
319 2561 389 2604 vero
412 2561 518 2605 nomen
540 2544 650 2606 hebent
664 2561 683 2605 a
697 2541 871 2604 reflectendo
894 2561 1002 2618 amore,
1026 2561 1062 2604 ex
1083 2552 1160 2620 terra
1182 2543 1303 2604 evulsae
1318 2560 1376 2603 non

21 2629 142 2688 ‘tantum
171 2630 336 2707 producunt
366 2633 458 2692 vitam
487 2649 662 2710 suspensae,
695 2649 782 2708 quam
805 2631 855 2690 diu
877 2633 944 2708 qnia
966 2630 1048 2706 vult,
1078 2631 1130 2692 sed
1153 2637 1182 2692 et
1203 2633 1376 2708 germinant,

43 2716 154 2775 dsuetum
172 2721 255 2776 etiam
272 2723 307 2779 ab
330 2721 444 2778 humore
462 2728 600 2779 ernanus.
644 2717 784 2780 seruntur
812 2725 909 2778 autern
938 2717 999 2778 alia
1031 2719 1149 2798 quidem
1175 2718 1286 2793 biems,
1317 2717 1377 2778 elia

20 2805 146 2880 'rigente
169 2814 292 2881 aestete,
316 2815 349 2866 ut
369 2823 514 2868 sesamum
537 2813 566 2867 et
587 2809 739 2884 panicum,
769 2805 870 2867 allium
898 2823 968 2868 vero
998 2806 1047 2867 vel
1069 2808 1266 2882 centaurium,
1297 2803 1376 2883 quod

20 2891 105 2948 :siin
127 2892 235 2953 bouem
258 2901 288 2953 et
308 2895 448 2972 pinguem
469 2902 624 2972 spargatur
646 2901 752 2954 terrem
773 2894 940 2970 rigaturque
965 2900 994 2954 et
1015 2903 1238 2971 conspergatur,
1270 2892 1378 2954 deserit

24 2977 201 3052 'qualitatem
223 2981 386 3042 naturalem
409 2987 439 3041 et
460 2985 537 3042 vires
559 2999 629 3042 suas
653 2980 792 3058 deperdit,
814 2983 946 3042 siccitate
963 2979 1073 3058 gaudet
1095 2988 1124 3042 et
1146 2983 1175 3039 in
1198 2990 1302 3041 natura
1324 2989 1380 3040 sua

38 3064 150 3138 proficit.
197 3067 328 3144 Quodsi,
352 3071 396 3130 uti
417 3068 527 3142 ierunt,
557 3069 658 3145 alique
679 3085 716 3129 ue
738 3085 831 3128 rorem
854 3067 970 3145 quidem
994 3067 1134 3143 tolerant,
1164 3077 1198 3128 nt
1219 3067 1377 3146 pleraeque

20 3147 145 3227 “phaore
166 3153 333 3230 Arabicae,
364 3153 417 3216 sed
447 3154 615 3216 humectata
635 3163 769 3216 arescunt
791 3164 821 3216 at
841 3163 974 3233 pereunt,
1006 3156 1076 3233 quid
1099 3157 1187 3232 igitur
1208 3158 1329 3231 mirum,
1352 3158 1378 3215 ιι

38 3238 64 3295 in
77 3239 159 3301 Luna
173 3250 333 3303 naseuntur
348 3242 474 3318 radices,
497 3244 617 3316 semine,
643 3243 752 3318 silvae,
776 3260 851 3319 quae
867 3260 922 3304 nee
935 3243 1044 3322 pluviis
1060 3242 1190 3322 indigent
1204 3261 1259 3304 nee
1272 3242 1376 3318 bieme,

20 3325 84 3396 ssd
106 3329 133 3387 in
155 3335 226 3390 abre
249 3333 362 3391 aestivo
386 3337 415 3391 et
437 3333 516 3390 tenui
539 3328 690 3411 commode
712 3330 896 3408 proveniunt.

134 3415 326 3493 Ecquemodu
348 3434 406 3478 non
428 3419 468 3478 sit
488 3426 724 3492 consentaneum,
747 3417 884 3477 ventuius
898 3419 973 3492 oriri,
998 3420 1048 3493 qui
1071 3418 1183 3480 Lunam
1206 3419 1309 3478 efflatu
1331 3425 1377 3478 te·

37 3499 99 3585 pido
119 3503 257 3579 foveant,
280 3513 310 3565 et
325 3507 524 3566 conversionis
537 3507 676 3582 impetum
691 3503 831 3582 paulatim
847 3507 978 3566 comitari
999 3521 1085 3566 auras
1107 3506 1196 3580 leuues,
1220 3523 1296 3583 quae
1319 3507 1377 3566 cir·

39 3589 179 3652 rumlusac
203 3600 235 3653 et
256 3590 404 3668 dispersae
426 3609 506 3652 rores
528 3601 557 3653 et
577 3593 822 3654 humectationem
846 3593 990 3652 modicam
1012 3592 1157 3654 sufficiant
1186 3594 1377 3670 germinanti-

20 3671 157 3753 1ιιιιιῦθγι
203 3679 304 3757 Atque
327 3681 415 3740 etiam
438 3681 531 3756 ipsam
559 3688 786 3756 temperamento
813 3697 878 3741 esse
906 3695 964 3739 non
992 3681 1079 3758 ignee
1105 3697 1202 3757 aeque
1230 3679 1375 3758 squalido,

37 3763 82 3821 sed
110 3765 193 3826 molli
225 3776 255 3827 et
284 3767 418 3843 aquoso?
454 3766 544 3827 Nulla
565 3771 642 3828 enim
671 3768 710 3828 ab
733 3767 784 3827 illu
812 3766 850 3827 ad
881 3784 934 3827 nos
963 3768 1058 3828 influit
1085 3771 1224 3828 siccitatis
1250 3769 1375 3842 affectio,

20 3849 118 3912 ‘mdiu
141 3871 213 3914 vero
237 3854 418 3914 humiditatis
440 3862 469 3914 et
490 3855 632 3915 lemineae
655 3855 814 3930 qualitatis,
842 3858 1093 3931 augmentationes
1116 3857 1178 3916 scil.
1201 3856 1375 3933 plantarum,

20 3943 187 4014 'motionem
211 3945 436 4017 putreleatiuues,
463 3943 592 4002 carnium
615 3941 850 4004 effervescentiee
865 3952 895 4002 et
908 3945 1091 4004 remissiones
1112 3945 1255 4018 vinorum,
1279 3943 1377 4003 molli·

38 4026 87 4086 ties
106 4026 265 4104 lignorum,
288 4033 392 4106 promti
414 4037 515 4107 partus
536 4027 689 4090 mulierum
698 4023 750 4110 ⁸⁰).

20 4127 22 4158 ³
128 4115 247 4178 Vereor
268 4125 375 4191 autem,
398 4135 435 4178 ne
450 4115 630 4176 Pharnacem
649 4117 711 4193 jem
734 4115 921 4193 tranquillum
943 4133 1042 4177 rursus
1061 4119 1168 4179 irritem
1183 4121 1374 4195 excitemque,

20 4198 60 4290 ιιι
80 4217 323 4279 commemorem,
345 4212 378 4264 ut
401 4221 527 4265 oceanus
550 4222 620 4265 suus
642 4205 765 4266 aidanus
789 4214 818 4264 et
838 4205 1044 4265 resorbitiones
1067 4209 1113 4282 (ut
1135 4205 1374 4283 ipstioqrrnntur)

20 4291 116 4364 rntqne
149 4291 231 4352 treta
258 4307 312 4351 sua
342 4293 518 4353 incrementa
548 4309 567 4352 ι
596 4291 681 4352 buna
706 4294 848 4369 recipiant
878 4299 908 4352 et
938 4301 1115 4367 augeantur,
1150 4291 1374 4358 humectationis

20 4397 24 4456 2
37 4371 182 4462 opera⁹⁰).
233 4376 329 4454 Quare
352 4377 389 4439 ed
412 4388 441 4440 te
462 4379 562 4456 potius
584 4387 745 4460 convertar,
768 4381 944 4440 amicissime
966 4379 1078 4444 Theon.
1122 4379 1167 4439 Τιι
1191 4383 1266 4440 enirn
1290 4397 1374 4441 euer-

20 4467 92 4522 ‘ram
112 4464 188 4526 illud
213 4464 377 4526 Alemanis:
403 4465 512 4544 ,Jouis
532 4469 640 4542 panim,
663 4483 722 4540 roe,
745 4467 802 4527 elit
823 4473 850 4526 ct
865 4466 974 4527 Lanam
995 4467 1113 4543 diuae“,
1136 4468 1222 4528 nobis
1238 4467 1373 4544 affirmas,

20 4551 108 4634 jqnud
128 4556 158 4613 in
182 4552 234 4613 bia
257 4558 352 4614 airam
374 4561 460 4615 vocet
481 4553 599 4630 Jovem,
622 4561 652 4614 et
674 4553 753 4630 quod
776 4554 858 4613 illum
881 4555 998 4615 ehuna
1019 4555 1216 4616 humectatum
1238 4559 1266 4614 in
1282 4572 1374 4616 rorem

20 4643 156 4718 jernuerti
180 4635 326 4723 dicet⁹¹).
371 4640 477 4702 Parum
501 4643 593 4717 abest,
617 4659 634 4703 o
656 4643 744 4716 socie,
767 4644 837 4718 quin
860 4641 1101 4716 dieamus,.illam
1116 4642 1178 4702 Soli
1202 4645 1374 4702 contrariam

20 4719 132 4789 zlsbsre
152 4737 303 4806 umerum,
326 4730 434 4806 quippe
456 4746 515 4788 non
537 4737 649 4790 mutum
672 4747 716 4803 ea,
739 4747 816 4805 quse
837 4729 885 4790 hic
907 4729 1085 4790 condensare
1108 4737 1137 4790 et
1158 4733 1268 4792 siccare
1290 4729 1373 4806 solet,

20 4809 82 4874 illia
101 4815 275 4878 emolliendi
298 4823 327 4879 et
348 4815 528 4878 diffundendi
548 4823 682 4878 naturam
704 4815 802 4894 habet,
824 4816 877 4878 sed
901 4819 988 4878 etiam
1009 4817 1167 4893 terrorem,
1191 4820 1242 4897 qui
1265 4833 1284 4878 a
1304 4817 1374 4880 Sole

20 4907 24 4986 ζ,
78 4914 173 4969 napata
188 4916 267 4968 oum
280 4915 344 4960 unu
1150 4915 1167 4974 7

1605 1405 1608 1416 -
1600 1365 1603 1372 υ
1596 1243 1611 1270 ν.
1613 1149 1615 1154 j
1595 1097 1598 1110 -
1600 657 1604 668 <
1602 553 1603 558 „
1606 383 1608 388 ,
1600 343 1601 346 Α
1594 143 1616 200 24,-
1601 91 1610 118 τ·
1596 43 1610 70 «κ
1607 15 1610 20 .

1629 1505 1632 1520 -
1633 1393 1637 1402 ὴ
1627 1321 1630 1328 ,
1617 1211 1633 1268 ΓΗΔ
1631 1091 1638 1110 ,-
1617 991 1636 1056 „23
1623 813 1628 884 „‚—
1617 659 1620 666 “
1619 617 1622 628 ”
1620 439 1637 462 “,
1618 349 1632 408 '2⁵'
1630 251 1638 268 »
1619 205 1628 214 ³
1617 77 1641 156 -ssf·*
1618 0 1640 54 {⁴5⁴

1655 1449 1659 1456 .
1652 1369 1657 1386 θ
1655 1333 1661 1348 ⁶
1639 1275 1653 1300 ἢ,
1636 1189 1657 1230 ξ,-
1639 1019 1657 1086 “⁴⁴:-
1642 979 1656 1002 ’,Α
1648 839 1659 872 ὀ)
1638 799 1659 820 „2
1636 747 1656 778 Χ-ε
1639 695 1668 736 ⁴1⁷-ss
1656 637 1657 640 „
1641 545 1659 566 ἱ
1652 525 1655 530 .
1642 453 1659 498 -Tf
1639 343 1659 378 ,Ἀ-
1637 219 1659 326 5³³³?ef
1649 195 1652 204 ἐ
1638 167 1640 174 -
1639 65 1660 154 ›3:-1
1652 42 1654 47 Α
1643 0 1649 24 ᾖ,

1659 1381 1665 1394 ,
1658 1161 1661 1204 2—-
1663 1045 1664 1048 „
1664 1027 1667 1032 Δ
1662 979 1668 990 ι
1659 869 1669 882 ἡ,
1658 819 1667 854 :fl-
1668 791 1670 796 ,
1658 747 1670 774 5„—
1663 719 1667 724 -
1664 679 1670 688 .
1661 603 1664 610 <
1658 565 1669 588 -:-
1662 521 1665 528 ›
1661 481 1670 506 -.2
1663 445 1670 460 -„
1658 401 1663 408 “
1660 303 1667 352 -r-
1667 279 1668 284 Α
1658 239 1667 256 -„
1658 203 1662 210 '
1657 131 1667 164 ‘'-2
1662 92 1664 101 *

1649 1837 1651 1845 —
1648 1765 1656 1794 ⁴—
1651 1627 1659 1658 ,,
1651 1597 1662 1612 ⁴--
1655 1555 1656 1560 Α
1633 1437 1655 1466 —=
1642 1389 1655 1422 ,ΛΑ

1665 1807 1670 1820 -
1663 1771 1666 1780 -
1662 1573 1692 1742 1<;*,5.⁴2‘,⁴
1658 1443 1689 1550 f—‘ae-R':
1672 1367 1697 1422 ''Z-

1656 765 1698 1080 <3,›³-g„‚.}f.=*3,-;Ji,51.=-
1675 735 1689 744 z
1672 713 1673 720 ι
1685 685 1686 688 Α
1667 575 1693 655 ⁴¹22.
1675 555 1676 558 „
1678 527 1688 540 κ
1675 505 1677 512 -
1665 417 1692 486 >2¹32
1682 375 1687 394 -
1672 284 1693 346 επ,
1684 241 1687 262 a
1676 207 1691 224 .-
1676 139 1688 178 .-·
1676 25 1692 127 ...s-‚2

1661 1071 1698 1380 ’Jisszk—ae'i-'Asf
1667 1049 1672 1062 ἱ
1675 1027 1681 1036 ⁴
1667 995 1671 1002 “
