3436 5416
557 324 684 384 Carmine
701 312 861 383 Solemnia'

231 505 313 565 'Nam
334 495 541 564 tibilaetitiee
564 500 671 562 subdet
692 501 822 566 tomenta
843 502 978 578 recentis,

324 592 369 666 Et,
393 609 481 669 quam
504 593 545 650 sia
567 590 647 666 lelix,
670 594 778 652 nuncia
802 593 892 655 verba
914 593 995 652 leret

236 679 304 758 lpse
328 696 393 753 ego,
418 680 486 738 dum
508 695 562 755 pro
584 695 630 738 me
655 682 802 755 gratantia
825 681 954 741 carmina
975 678 1082 751 scribo,

325 765 420 843 Quam
443 767 554 840 videor,
578 764 657 842 quod
681 784 740 827 non
763 768 894 845 gratulor
917 784 975 841 ore,
999 763 1111 825 miser?

237 855 314 933 Ergo
337 855 417 915 leros
440 855 541 932 elegos
563 856 692 932 spatium
714 856 804 916 breve
827 873 909 915 sume
932 852 1049 931 legendi

322 943 510 1019 Hospitiique
533 941 592 1000 illis
614 942 721 1019 pande,
746 944 882 1021 benigna,
906 943 991 1003 sores.

236 1029 285 1090 Sic
308 1033 371 1103 tibi,
395 1047 460 1091 curn
485 1031 629 1092 decimum
647 1032 891 1102 *vicinas-viderit
914 1030 1031 1091 umbras

325 1118 418 1193 Luna,
444 1118 526 1178 Deus
549 1120 659 1177 renuis
683 1117 769 1179 dulce
792 1117 923 1189 resolvet
946 1135 1029 1179 onus.

238 1203 278 1264 Ut
300 1214 328 1265 te
352 1205 500 1267 difficilem
522 1206 633 1283 possim
656 1222 773 1283 sperare
797 1208 917 1284 petenti,

324 1293 391 1353 Non
413 1296 524 1371 petitur
546 1292 599 1352 tali
622 1311 705 1354 mens
728 1293 866 1355 adamata
890 1295 963 1367 viro,

238 1379 325 1442 Mens
348 1389 399 1440 tua
422 1398 499 1458 quea
523 1380 577 1440 tali
598 1383 695 1457 potuit
717 1380 864 1458 placuisse
887 1385 1000 1455 marito,

326 1467 380 1528 Oui
403 1486 516 1528 morum
539 1470 682 1545 asperitas
704 1468 787 1529 nulla
809 1469 926 1546 placere
947 1475 1053 1547 potest.

238 1554 284 1615 Tu
307 1556 405 1630 modo,
428 1573 479 1617 eur
501 1572 592 1616 voees
614 1559 736 1616 nimium
758 1554 931 1634 pudibunda
953 1553 1098 1616 moraris?
1160 1558 1168 1574 '

317 1643 417 1720 Incipe
440 1644 606 1704 Maenalios
629 1654 730 1704 nostra
752 1644 858 1705 Thalia
880 1643 993 1719 modos,

236 1730 337 1809 Incipe
360 1750 412 1809 per
434 1733 537 1809 sponsi
559 1733 679 1793 meritas
703 1732 853 1794 decurrere
874 1731 988 1806 lendes,

325 1819 391 1879 Non
414 1836 460 1880 res
485 1826 530 1880 est
551 1829 663 1897 nuptae
685 1823 793 1896 gratior
817 1820 878 1880 ulla
900 1836 1005 1880 noves.

239 1905 304 1965 Non
329 1910 383 1965 erit
405 1906 449 1966 illi
472 1906 576 1968 eadem
600 1911 724 1986 repetito
747 1925 836 1968 scena
858 1907 1010 1979 cothurno,

185 1993 189 2002 '
326 1994 422 2054 Mults
444 1995 527 2055 videt
550 2011 646 2070 retus,
670 1996 797 2073 plurima
819 1997 912 2056 nescit
934 2011 1024 2055 amor.

237 2081 365 2159 Siquid
388 2081 479 2142 habet
500 2099 616 2160 corpus,
640 2085 666 2141 si
689 2083 759 2160 quid
781 2084 898 2144 fortuna
919 2083 1072 2160 gubernet,

327 2168 412 2246 Quod
436 2169 533 2230 decori
558 2180 619 2230 est:
643 2186 782 2249 sponsam
804 2188 861 2231 non
884 2171 1008 2230 latuisse
1029 2182 1103 2230 reor.

236 2255 298 2317 Sed
322 2275 398 2333 quae
421 2257 507 2319 corde
530 2257 632 2332 latent,
656 2275 713 2318 non
738 2260 808 2336 Argi
831 2259 943 2319 lumina
966 2263 1094 2330 cernunt,

325 2345 391 2405 Non
414 2349 477 2422 ipsc
500 2347 613 2422 impuro
636 2344 765 2424 prodidit
787 2364 836 2407 ore
859 2348 945 2406 bone.

235 2432 315 2493 Nam
337 2436 363 2492 si
386 2435 541 2493 verborum
563 2433 683 2494 sublimi
707 2434 842 2496 attollere
864 2434 941 2495 mole

324 2519 384 2581 Res
408 2529 453 2580 cst
475 2516 625 2581 dedecoris
647 2521 745 2600 plene,
766 2522 879 2599 pudore
902 2537 1013 2594 carens,

235 2604 279 2668 Ut
301 2610 341 2669 sit
363 2626 440 2684 vcra,
465 2615 562 2670 tamen
584 2626 697 2688 semper
718 2610 784 2669 laus
807 2611 926 2687 propria
947 2614 1049 2686 putet3

325 2696 422 2774 Saepe
444 2696 627 2757 verecundus
650 2714 720 2757 vera
742 2704 838 2778 tacere
859 2696 944 2757 solet

236 2781 324 2843 Adde
347 2781 426 2861 quod
448 2783 527 2845 haud
550 2785 652 2845 iemae'
669 2792 763 2844 tutum
786 2792 831 2845 est
852 2802 907 2845 sue
929 2781 1055 2855 credere,
1078 2779 1146 2840 lecit

325 2871 469 2932 Fallendo
491 2881 521 2934 et
543 2890 646 2933 verum
668 2872 778 2933 fraudis
801 2872 909 2933 babere
930 2876 1040 2931 notem

235 2956 299 3018 Sed
323 2966 364 3033 tu,
390 2977 464 3037 quas
487 2959 572 3020 vultu
595 2960 690 3021 voluit
712 2959 805 3020 celare
827 2959 960 3020 modesto

325 3047 467 3122 Virtutes,
490 3049 579 3126 pleno
601 3055 718 3124 gutture
741 3047 830 3108 Musa
851 3065 931 3108 eane.

236 3131 319 3194 Vera
339 3134 422 3209 reler,
445 3152 499 3195 nec
522 3134 624 3196 dextra
645 3138 740 3209 nimis,
764 3152 818 3196 nec
840 3152 927 3212 perge
949 3133 1077 3204 sinistra,
1127 3144 1128 3149 ’

329 3221 386 3283 Sed
411 3222 509 3283 medio
531 3231 628 3284 rectae
649 3224 764 3282 tramite
788 3239 868 3282 curre
890 3224 965 3282 viae.

235 3308 321 3370 Laus
342 3312 433 3369 nimie
456 3319 501 3371 est
522 3310 612 3370 hodie
633 3317 694 3370 tum
717 3310 816 3371 crebro
840 3308 966 3370 dedecus
987 3323 1052 3381 usu,

327 3398 455 3459 iuratus
478 3398 587 3459 multus
611 3397 715 3458 dicitur
737 3415 802 3458 esse
826 3396 913 3460 color.

233 3483 334 3561 Quam
356 3502 466 3560 vercor,
487 3486 569 3563 juste
591 3488 616 3546 si
636 3485 725 3546 libres
748 3487 845 3545 omnia
865 3484 959 3558 lance,

324 3571 368 3634 Nc
391 3581 420 3634 te
444 3575 558 3650 vulgati
581 3575 708 3632 criminis
730 3573 906 3636 insimulent.

230 3656 323 3719 Unde
348 3661 399 3720 sed
422 3663 538 3737 incepti⁴
553 3669 652 3739 surget
673 3660 745 3720 mibi
768 3662 902 3722 carminis
924 3656 1022 3718 ordo?

325 3745 406 3821 Quid
430 3757 511 3810 tanto
535 3751 565 3806 in
586 3748 702 3809 cumulo
724 3758 807 3827 parte
828 3749 923 3825 priore
946 3744 1075 3822 loquar?

223 3830 372 3896 Incertus
394 3837 477 3898 teror.
521 3836 600 3898 Hinc
622 3839 728 3897 etenim
751 3835 888 3896 sublimia
910 3834 1019 3910 stirpis,

320 3921 515 3998 Huldenrice,
539 3925 657 3985 trahunt
679 3926 797 3985 nomina
818 3938 925 4000 sponse
948 3929 1026 3981 tuae.

222 4009 310 4071 Hinc
335 4018 391 4071 tua
412 4030 459 4073 me
482 4014 584 4085 virtus,
607 4019 693 4085 artes,
716 4028 886 4088 morumque
908 4015 1056 4082 venustas,

320 4098 459 4160 Nobilior
481 4107 586 4160 cuncta
608 4099 761 4161 nobilitate
784 4101 869 4177 rapit.

222 4187 306 4247 Nam
335 4186 411 4261 quid
432 4188 574 4264 proluerit
595 4185 685 4246 coelis
707 4194 835 4264 aequata
856 4190 1011 4263 parentum

320 4273 439 4348 Gloria,
463 4276 488 4332 si
510 4274 596 4334 loedo
620 4275 738 4336 crimine
761 4277 824 4335 vita
845 4271 948 4334 labat?

221 4362 338 4424 Gentis
364 4362 544 4438 imaginibus
566 4361 638 4421 solis
661 4365 709 4422 cui
730 4363 797 4422 laus
818 4378 873 4421 sue
895 4366 1018 4434 constat,
1046 4371 1049 4379 ’

170 4523 174 4530 ‚
316 4447 433 4509 Gentis
454 4451 484 4507 in
506 4450 563 4509 hoc
584 4466 709 4525 magnae
732 4449 844 4526 deperit
866 4450 960 4508 omnis
982 4447 1085 4524 honos,

216 4540 263 4598 At
288 4547 336 4610 tu,
365 4535 532 4611 quitantia
555 4540 684 4598 animum
706 4537 854 4598 natalibus
876 4553 996 4613 aequas,

313 4624 386 4685 Nee
411 4627 508 4684 tamen
531 4624 645 4685 illorum
668 4624 821 4686 nobilitate
844 4631 954 4684 tumes:

215 4714 291 4794 Ipse
317 4713 386 4772 tuis
412 4707 493 4771 luces
516 4714 682 4785 virtutibus,
706 4717 770 4791 ipse
793 4718 943 4772 canentem

313 4796 440 4873 Dirigis
462 4799 491 4856 in
514 4799 613 4877 celsae
635 4801 734 4863 nobile
756 4798 852 4861 leudis
876 4815 959 4876 opus·

1134 4897 1173 4960 9*
