3478 5424
273 375 316 448 72
825 369 938 432 Ioannis
956 369 1067 444 Kepleri

272 553 345 626 plata
362 547 499 624 'Pythonis
518 548 634 607 Iudicavi
652 549 671 605 l.
690 548 740 604 124
760 547 825 618 (rol.
839 554 896 606 vlt
915 568 942 618 p.
961 549 1040 618 att),
1059 556 1087 604 et
1103 547 1249 604 cavitatem
1268 545 1376 616 quidem
1394 545 1462 601 alias
1480 541 1573 600 statim
1590 539 1622 601 ab

272 635 333 706 ipsa
349 633 460 703 planitie
479 633 623 703 depressas
641 643 716 696 asse,
740 628 807 683 alias
825 628 896 684 rallo
914 629 942 684 in
961 627 1046 684 altum
1064 628 1136 705 elato
1154 626 1238 683 veluti
1256 626 1353 680 muniri
1371 631 1468 680 contra
1484 626 1622 693 regionem
1716 625 1722 660 ³

274 714 443 770 exteriorem.

376 789 492 845 XXXII.
510 786 657 844 Multitudo
675 785 874 843 individuorum
892 787 959 844 ertit
984 803 1096 856 operum
1119 783 1317 842 multitudinem
1342 784 1424 838 etiam
1447 781 1569 851 aliquam
1586 795 1625 834 ar·

274 869 333 941 gnit
350 884 442 924 eornm
462 884 543 935 usus,
571 883 620 922 seu
637 863 715 922 multi
732 866 787 921 siut
804 873 926 936 utentes,
948 884 998 923 seu
1016 867 1086 922 idem
1104 875 1185 923 utens
1203 863 1316 919 diuersis
1334 861 1501 932 temporibus
1521 868 1624 938 utatur3

273 950 320 1005 uhi
343 957 436 1003 tamen
461 945 703 1002 dissimilitudinem
727 943 845 1016 aliquam
868 933 1007 1016 operum,'
1020 947 1161 1016 analogum
1188 942 1338 1001 diversitati
1364 953 1534 1010 temporum,
1558 940 1625 994 ratio

274 1029 381 1084 suadet.
417 1027 462 1080 Sic
480 1025 546 1079 ordo
565 1025 637 1079 inter
654 1024 701 1078 ills
718 1024 804 1080 multa
820 1026 951 1081 rationein
970 1042 1050 1082 unam
1069 1026 1160 1080 omnia
1177 1020 1347 1090 complexam
1366 1019 1474 1074 evincit.

380 1104 508 1161 XXXIII.
526 1103 571 1158 Ex
589 1102 641 1158 hoa
666 1103 800 1158 aonmaie
818 1110 846 1158 et
864 1121 898 1160 ex
916 1105 1016 1162 XXIX.
1034 1105 1112 1160 facile
1131 1102 1296 1170 obtinemus,
1321 1103 1350 1154 in
1368 1101 1464 1156 Lunae
1483 1097 1626 1169 superficie

276 1193 385 1254 grutem
403 1183 521 1252 aliquam
541 1197 611 1248 esse,
628 1182 743 1237 ratIouis
761 1181 796 1236 ad
814 1184 994 1239 exstruendas
1012 1185 1079 1238 istas
1097 1184 1226 1239 cavitates
1244 1196 1388 1250 capacem,
1406 1181 1434 1234 iu
1451 1179 1573 1250 plurima
1589 1177 1626 1232 in·
1719 1168 1722 1217 Ῑ

277 1261 385 1318 dividua
407 1259 630 1329 multiplicatam,
658 1268 690 1317 ut
712 1276 767 1316 una
790 1276 854 1331 pars
876 1263 948 1318 hanc
967 1265 1111 1318 cavitatem
1134 1269 1258 1318 exstruat
1280 1267 1447 1330 usurpetque
1466 1259 1522 1314 alla
1541 1257 1627 1325 aliam,

245 1388 253 1407 ,
277 1358 337 1397 auur
357 1357 405 1398 eae
423 1341 477 1395 sint
495 1340 566 1395 iuter
584 1355 614 1395 se
632 1339 667 1394 ad
686 1355 794 1396 sensum
813 1351 934 1398 nostrum
952 1342 1034 1412 plane
1052 1343 1153 1398 slmiles
1172 1349 1199 1397 et
1218 1341 1327 1412 quidem
1345 1347 1419 1394 certa
1436 1339 1498 1408 Iege
1516 1341 1589 1394 inter
1600 1352 1627 1392 se

277 1420 434 1489 dIspositae,
454 1419 525 1490 quod
543 1427 667 1474 mutuum
686 1434 848 1476 consensum
866 1421 955 1490 arguit
972 1423 1043 1478 inter
1060 1433 1185 1478 auctores
1204 1419 1371 1474 diversarum
1390 1417 1551 1474 caritatem.

380 1499 504 1554 XXXIV.
524 1499 585 1554 Huc
603 1497 672 1554 adde
690 1499 902 1567 experimentum
921 1515 956 1554 ex
973 1501 1130 1557 narratione
1146 1502 1181 1555 de
1199 1499 1264 1554 visIs
1282 1515 1298 1553 a
1316 1514 1359 1554 me
1382 1497 1500 1568 planetis
1519 1495 1629 1551 Joviali·
1721 1503 1722 1506 ’

277 1580 338 1647 hus,
357 1579 430 1646 quod
441 1579 561 1648 ineptum
574 1577 601 1632 in
615 1576 750 1632 Ironthus
762 1575 870 1634 titulum
891 1578 959 1646 gerit
971 1579 1163 1648 Praescia'oat's
1178 1580 1352 1650 adbaerent
1378 1578 1449 1646 (Vol.
1464 1581 1496 1631 ll.
1514 1595 1543 1644 p.
1558 1575 1628 1634 tlt.)

381 1657 492 1713 Invenio
510 1657 538 1710 in
557 1656 790 1714 observationibus
813 1658 878 1712 anni
896 1659 973 1714 1622.
992 1657 1036 1714 die
1053 1658 1096 1714 22.
1116 1658 1191 1728 Sept.
1210 1657 1419 1726 descriptionem
1439 1655 1557 1712 slmilem
1575 1669 1628 1709 ma·

279 1735 356 1792 culae
374 1735 570 1806 proculdubio
589 1736 720 1806 ejusdem,
740 1736 819 1792 Luna
837 1737 937 1806 quippe
955 1737 1053 1792 iterum
1070 1738 1257 1806 decrescente,
1277 1737 1385 1806 quaudo
1404 1736 1478 1792 liuea
1494 1757 1539 1805 cqc
1556 1755 1630 1803 roasa

277 1815 402 1883 exiguum
420 1831 503 1870 cornu
516 1814 550 1869 de
569 1831 617 1870 ora
628 1816 722 1871 Lunae
740 1815 900 1873 occidentali
918 1816 1054 1872 rescindit
1084 1816 1175 1871 Verba
1192 1825 1267 1872 sunt:
1289 1817 1337 1883 ,In
1354 1817 1448 1870 Lunae
1468 1814 1629 1870 occidentali

191 1954 197 1960 ¹
276 1915 342 1964 sopp
365 1893 486 1964 (gibbam
508 1893 629 1962 intellige
652 1894 764 1962 lincam,
789 1911 837 1952 seu
860 1895 1018 1966 ellipticam)
1040 1896 1305 1952 animadvertebatur
1327 1896 1406 1964 quasi
1431 1895 1497 1951 litus
1523 1903 1553 1950 ei
1579 1895 1632 1949 alta

278 1972 388 2040 crepido
407 1972 530 2041 sinuosa,
555 1972 677 2028 umbram
702 1972 823 2028 velutin
840 1989 914 2028 mare
933 1975 1041 2041 (versus
1059 1993 1144 2033 cornu
1168 1977 1235 2030 illud
1253 1977 1361 2043 Lunae,
1381 1977 1440 2043 jam
1458 1973 1599 2029 desertum
1616 1991 1631 2028 a

278 2051 378 2106 lumine
396 2051 477 2120 Solis)
495 2051 654 2122 projIciens;
679 2051 727 2106 Ina
746 2051 817 2107 euim
835 2052 862 2108 In
880 2054 1005 2123 partibus
1023 2053 1105 2122 hujus
1124 2057 1206 2109 maris
1230 2053 1302 2110 rrltra
1327 2054 1450 2108 umbram
1468 2053 1634 2122 sequebatur

276 2130 304 2184 in
322 2129 411 2186 modio
429 2130 521 2200 siuns,
545 2131 703 2187 continuata
726 2131 855 2202 deinceps
878 2147 965 2200 usque
984 2133 1019 2188 ad
1036 2155 1125 2202 sopp.
1161 2134 1249 2190 Paulo
1272 2149 1367 2188 versus
1390 2133 1531 2188 meridiem
1555 2133 1632 2201 quasi

277 2207 394 2262 Isthmus
412 2208 576 2277 luminosus,
601 2208 650 2264 sed
673 2215 765 2266 tamen
783 2209 811 2264 in
830 2210 903 2266 clara
921 2211 1059 2280 trepidius
1077 2213 1251 2268 manifestum
1268 2219 1399 2283 puuctum
1417 2219 1522 2277 atrum,
1553 2220 1581 2266 et
1597 2211 1632 2264 ri-

278 2285 369 2342 cissim
391 2293 467 2342 traua
490 2287 557 2343 illud
580 2287 608 2342 in
626 2289 694 2343 mari
718 2281 795 2344 mous
819 2289 908 2345 clarus
933 2290 1102 2347 manifestus.
1140 2292 1249 2347 Cornua
1272 2291 1418 2359 crepidinis
1442 2289 1517 2344 illius
1544 2289 1634 2344 duas

279 2370 409 2432 protensa
427 2371 457 2419 nt
474 2365 674 2434 promontoria,
693 2389 757 2436 sopp
774 2383 824 2436 per
840 2382 915 2422 mare
932 2367 1063 2424 incedens
1081 2378 1140 2425 erat
1157 2370 1191 2424 ab
1210 2369 1331 2424 iuicriori
1351 2385 1436 2425 cornu
1454 2369 1535 2438 quasi
1552 2367 1634 2421 inter·

282 2449 374 2511 cepta,
401 2440 472 2498 intra
490 2458 575 2498 cornu
593 2443 622 2497 iu
639 2443 739 2500 liueam
751 2441 840 2502 'suam
859 2447 1015 2516 (ellipticnm
1039 2464 1088 2505 seu
1106 2448 1256 2520 gibbosam)
1279 2447 1480 2518 revertebatur,
1505 2446 1633 2502 incedens

281 2536 333 2590 per
350 2520 429 2576 allam
448 2523 606 2579 macularer
624 2525 712 2590 ,Haec
729 2541 801 2580 auno
823 2525 899 2581 1622.
916 2525 960 2582 22.
980 2526 1056 2596 Sept.

386 2599 477 2658 hiabat
494 2619 558 2660 vero
576 2603 656 2659 etIam
669 2621 750 2662 unam
762 2604 977 2659 observationem
990 2605 1145 2661 exscribere
1161 2612 1255 2674 totam,
1274 2605 1346 2662 unde
1365 2604 1469 2674 aliquot
1485 2603 1634 2676 particulae

283 2679 423 2736 desumtae
442 2689 507 2737 aunt
524 2682 737 2753 in‘apparentiis
749 2682 914 2753 praemissit,
934 2683 998 2751 quia
1016 2684 1050 2739 de
1062 2683 1186 2752 pluribus
1205 2685 1351 2740 ehamunm
1370 2691 1463 2740 monet
1480 2693 1509 2740 et
1527 2687 1591 2756 quia
1607 2684 1635 2739 iu

283 2761 332 2818 illa
349 2768 413 2817 sunt
430 2761 563 2832 quaedam
581 2763 734 2819 rudimenta
751 2763 893 2832 epistolae,
911 2763 939 2816 in
956 2763 1035 2832 enjus
1052 2764 1169 2833 partium
1187 2763 1419 2819 demonstratore
1437 2777 1586 2820 versamur.

390 2845 485 2908 „Auno
505 2843 583 2900 1623.
603 2842 629 2898 d.
648 2843 690 2898 II.
702 2842 758 2897 iol.
777 2857 793 2894 a
810 2841 900 2896 media
916 2848 997 2896 nocte
1015 2843 1160 2912 incipiente
1173 2843 1278 2898 Lunam
1296 2842 1331 2897 ab
1351 2842 1418 2896 hora
1437 2845 1462 2897 l.
1480 2844 1509 2897 in
1529 2846 1554 2898 2.
1575 2859 1635 2899 con·

284 2919 432 2991 templatus
450 2936 522 2992 surm,
542 2938 608 2977 uana
626 2921 702 2975 vitris
721 2921 751 2976 P.
770 2919 876 2976 Nicolai
894 2919 976 2974 Zucoi
994 2918 1168 2989 longissimae
1186 2920 1340 2977 distantIae.
1378 2922 1515 2978 cantatas
1534 2923 1636 2991 plerae-

285 3014 338 3068 que
357 3001 526 3070 apparebaut
546 2999 693 3067 rotundae,
717 2999 765 3055 sed
789 3000 817 3054 in
836 2999 969 3067 superiori
993 3007 1021 3054 at
1044 2997 1163 3054 inferiori
1181 3009 1260 3070 parte
1277 3001 1372 3056 Lunae
1391 3002 1470 3068 quasi
1488 3001 1632 3071 slliprlcae,

283 3079 434 3134 secundum
451 3078 629 3134 convexitatis
652 3077 725 3145 globi
747 3077 955 3132 declinationem
973 3093 989 3132 a
1007 3077 1074 3141 visu,
1093 3085 1121 3131 et
1139 3078 1250 3134 umbrae
1275 3079 1399 3149 vallium,
1426 3079 1518 3148 specie
1543 3081 1636 3134 Lunae

283 3157 480 3226 corniculatae,
504 3157 638 3226 quaedam
660 3173 710 3226 per
732 3155 1034 3226 ohIIquum.ellipsium
1054 3157 1210 3228 manifeste,
1230 3165 1260 3212 ut
1279 3158 1360 3216 iacile
1378 3173 1412 3212 ex
1431 3173 1463 3211 eo
1482 3159 1637 3213 convexita-

284 3241 339 3290 tem
356 3236 451 3291 Lunae
473 3236 548 3305 globi
569 3236 611 3290 vel
630 3236 689 3291 visu
707 3249 879 3303 agnosceres.
917 3235 1075 3290 Maculosae
1089 3245 1190 3305 partes
1211 3237 1354 3292 inferiores
1373 3241 1451 3290 erant
1472 3249 1637 3304 conspersae

224 3323 230 3344 l
283 3313 382 3369 lucidIs
401 3315 538 3370 nonnullis
551 3314 667 3382 cIrcalis,
687 3315 817 3368 caritates
829 3321 858 3368 et
871 3315 979 3369 umbras
997 3316 1070 3370 intra
1088 3331 1117 3370 se
1130 3315 1379 3384 complectentibus,
1399 3315 1467 3368 raris
1486 3321 1579 3368 tamen
1596 3313 1635 3368 iis.

284 3395 404 3462 Diceres,
423 3405 515 3465 partes
534 3411 594 3452 asse
613 3396 707 3451 Lunae
725 3395 862 3464 palustres
880 3411 930 3449 seu
948 3395 1067 3460 limosae,
1085 3394 1112 3450 In
1126 3394 1225 3464 quibua
1244 3393 1327 3448 erecti
1346 3409 1461 3464 aggeres
1480 3393 1636 3458 circulares,

285 3481 317 3529 ut
333 3473 419 3543 putei,
438 3475 613 3531 excludentes
632 3473 834 3541 chrumjectum
853 3473 1003 3528 humorem.
1038 3474 1107 3528 Erat
1124 3473 1218 3528 harum
1237 3489 1293 3527 una
1311 3473 1393 3541 paulo
1412 3487 1528 3540 vergens
1548 3471 1582 3526 ad
1600 3471 1637 3525 al·

284 3555 382 3610 tIorem
393 3559 499 3623 partem
511 3555 614 3620 Lunae,
634 3571 705 3623 quse
716 3553 893 3628 'manifestam
906 3553 989 3607 murae
1003 3554 1121 3622 speciem
1139 3567 1205 3620 prae
1224 3568 1253 3606 se
1271 3551 1384 3620 ferebat,
1404 3553 1432 3605 in
1444 3550 1535 3605 media
1554 3551 1637 3619 longi·

284 3632 381 3687 tudine
398 3631 480 3701 paulo
498 3634 643 3702 patentior.
667 3636 729 3690 Non
748 3634 865 3689 omnium
885 3633 1031 3691 cavitatem
1049 3639 1108 3687 erat
1125 3631 1235 3687 evidens
1248 3631 1390 3686 'distinctio
1408 3629 1479 3706 labri
1498 3645 1515 3684 a
1534 3630 1637 3698 reliquo

285 3711 381 3767 Lunae
399 3727 513 3780 corpore
532 3714 679 3780 (maculoso
692 3731 740 3770 seu
759 3715 891 3784 palustri),
909 3713 957 3769 sed
969 3713 997 3768 id
1010 3712 1138 3767 continua
1156 3719 1184 3766 et
1196 3711 1331 3780 aequabili
1344 3708 1525 3765 illustratione
1538 3709 1637 3775 hebeti,

286 3805 373 3858 usque
391 3789 426 3844 ad
444 3790 637 3846 dehiscentium
656 3795 776 3850 umbrae.
803 3794 952 3862 Pleraeque
970 3791 1088 3858 majores
1107 3791 1237 3846 caritates
1256 3789 1394 3844 habebant
1411 3787 1439 3842 in
1451 3787 1543 3842 medio
1556 3802 1638 3855 quan·

287 3867 349 3922 dam
366 3868 510 3937 Imaginem
528 3869 690 3927 circulorum
708 3874 856 3928 vitreorum
872 3871 900 3925 in
918 3870 1053 3932 fenestris,
1072 3868 1176 3924 scilicet
1187 3883 1221 3922 ex
1233 3866 1370 3936 profundo
1388 3867 1536 3922 mutatum
1550 3868 1638 3932 singn-
1719 3893 1722 3958 5

286 3946 373 4001 larum
398 3949 578 4016 assurgebant
596 3950 681 4005 colles
700 3950 812 4019 singull,
839 3965 894 4004 non
915 3956 1008 4004 tamen
1030 3945 1065 4002 ad
1084 3945 1254 4002 altitudlnem
1278 3945 1443 4014 exteriorum
1462 3944 1637 4014 crepidinem,

287 4037 370 4098 atque
388 4027 406 4081 ii
425 4034 503 4082 erant
520 4026 643 4097 depressi
660 4045 768 4084 imaum
786 4028 814 4082 in
826 4031 928 4094 cenho,
946 4026 1022 4080 velut
1033 4025 1061 4078 iu
1072 4023 1214 4078 ventribus
1232 4023 1401 4090 turgentibus
1420 4023 1574 4092 umbilicus,
1593 4028 1640 4079 aut

288 4107 426 4178 (exemplo
445 4106 531 4176 magia
548 4108 677 4176 cognata)
701 4115 819 4163 crateres
837 4105 974 4174 aethnae,
999 4103 1072 4172 quod
1098 4101 1195 4157 umbra
1219 4117 1312 4156 eorum
1330 4101 1459 4171 prodidit.
1495 4103 1561 4156 Etsi
1578 4117 1639 4156 sero
1720 4133 1722 4152 .

249 4257 252 4264 1
287 4204 341 4243 non
361 4186 542 4241 connivebaut
558 4185 672 4241 Invitam
691 4201 742 4242 neo
761 4185 944 4241 cohaerebant
963 4183 1106 4251 caritates,
1125 4181 1173 4238 aad
1192 4181 1330 4250 quaelihet
1348 4185 1462 4237 seorsim
1481 4183 1582 4249 stabat,
1601 4189 1639 4234 ta·

1718 4013 1722 4130 l

288 4280 350 4322 men
369 4265 402 4320 ab
419 4263 542 4319 Inferiori
561 4271 638 4332 parte
655 4286 698 4333 ape
714 4285 793 4332 τομης
809 4263 921 4332 (gibbae
939 4263 993 4318 hac
1010 4262 1082 4328 vice)
1107 4261 1291 4327 sequebantur
1314 4276 1344 4316 se
1362 4262 1507 4316 umbrosae
1529 4259 1639 4316 lunulae
1720 4239 1722 4332 i

289 4343 333 4408 (ab
352 4342 473 4411 invicem,
492 4351 523 4396 nt
541 4336 651 4410 dic'tum,
669 4343 830 4412 intercisae),
849 4343 888 4397 sio
906 4350 937 4396 ut
954 4341 1016 4409 ipsa
1032 4339 1101 4395 serie
1112 4347 1352 4408 repraesentarent
1369 4339 1485 4408 speciem
1504 4337 1639 4407 quandam
1720 4341 1722 4388 ξ

290 4437 371 4478 mous
389 4421 502 4492 elliptici
524 4421 653 4477 umbrosi.
683 4424 775 4490 Atque
798 4423 837 4475 ita
860 4418 1052 4488 elthabantur
1069 4417 1139 4472 duae
1155 4417 1271 4471 fissurae
1288 4417 1446 4484 umbrosae,
1471 4419 1639 4487 propinquae
1721 4451 1722 4458 .

289 4499 417 4567 invIcem,
435 4501 463 4554 iu
481 4507 587 4570 partem
605 4500 722 4556 lucidam
746 4517 853 4555 sursum
870 4497 1014 4563 reflexam,
1041 4510 1071 4551 se
1089 4497 1258 4552 insinuantes
1277 4511 1293 4550 a
1312 4496 1433 4550 terdone
1450 4496 1519 4552 lucis
1538 4505 1567 4550 et
1584 4511 1639 4550 um·
1720 4489 1722 4564 ᾗ

291 4577 364 4648 brae,
382 4580 564 4650 interpolatae
582 4589 673 4636 mmeu
691 4579 756 4636 hinc
774 4579 850 4644 iude,
874 4585 905 4633 ut
923 4577 993 4647 diui,
1011 4577 1135 4648 partibus
1153 4575 1259 4641 lucidis,
1280 4590 1350 4643 quae
1368 4575 1539 4644 trajIciebtut
1556 4573 1637 4628 conti·
1721 4593 1722 4604 ι

291 4661 352 4715 uuis
369 4661 515 4716 tractibus:
534 4661 638 4715 diceres
655 4660 751 4714 vallem
770 4659 963 4728 longissimam,
982 4673 1052 4726 quae
1070 4656 1134 4709 hiae
1151 4653 1214 4708 inde
1232 4654 1283 4707 suh
1301 4655 1438 4710 montibus
1451 4654 1570 4714 dnuosis
1587 4661 1640 4708 tra·

293 4737 375 4795 ducta
391 4737 478 4810 hisque
497 4757 514 4796 a
531 4741 618 4798 latere
635 4739 766 4810 inspectis
784 4740 862 4810 quasi
879 4746 952 4793 tecta
970 4738 1030 4792 sit.“
1067 4737 1143 4792 Haeo
1161 4737 1204 4790 ti.
1223 4733 1290 4790 iulii
1307 4750 1379 4790 anuo
1396 4735 1477 4791 tota
