3442 5432
639 403 813 468 collectanea
829 421 865 466 ex
881 401 1021 470 codicibus
1037 403 1276 469 Pulhoriensibns.

1268 593 1303 652 (a.
1321 590 1347 642 r.
1366 589 1427 642 Des.
1447 587 1534 648 rosel

386 676 497 752 Figura
517 675 671 754 sphaerica
693 675 765 754 qnid
788 678 855 740 esti
890 679 985 758 Supra
999 677 1118 754 dictum,
1141 695 1207 740 esse
1229 677 1412 757 superficiem
1434 694 1558 738 curram
1578 677 1643 754 prl-

282 781 360 826 mam
382 763 554 840 figurarum,
578 767 623 824 eui
646 766 739 842 ipsius
762 767 959 844 undequaque
980 767 1119 841 similem,
1142 783 1175 828 se
1197 770 1263 845 ipss
1283 769 1393 840 oham,
1416 765 1554 826 omnihus
1575 765 1640 824 suis

281 853 413 931 partibus
437 855 611 931 punctisque
633 854 671 912 ab
695 870 754 915 uno
777 855 877 933 eliqua
901 862 1019 934 puncto,
1042 854 1123 932 qood
1146 864 1192 916 est
1213 858 1243 914 in
1266 857 1355 934 spatii
1373 853 1481 930 medio,
1503 852 1641 929 aequali-

281 948 326 1000 ter
347 939 514 999 distantem·
1421 988 1424 994 .

384 1026 536 1103 Quaenam
559 1027 645 1088 nohis
669 1027 704 1090 de
727 1029 782 1090 hac
811 1029 905 1106 ligure
926 1030 1080 1110 sphaerica
1104 1027 1381 1109 praecognoscentia
1406 1036 1476 1090 sunt
1497 1035 1640 1106 tanquam

280 1118 447 1176 necessarie
468 1115 507 1176 ad
530 1115 717 1194 explicandas
740 1119 770 1177 iu
793 1118 917 1194 sphaera
939 1119 1081 1178 materiali
1104 1119 1233 1179 rationes
1255 1119 1340 1196 primi
1355 1115 1475 1177 motus?
1498 1115 1640 1192 Quorun-

283 1204 350 1262 dam
373 1201 545 1263 circulorum
568 1207 597 1260 in
613 1222 648 1265 ea
663 1208 887 1266 constitutiones
903 1207 985 1266 etad
1000 1213 1150 1267 somnino
1166 1207 1409 1284 comparationes.
1439 1204 1518 1266 Nam
1535 1221 1639 1282 saper-

191 1329 192 1337 1
281 1290 357 1350 ficiei
380 1293 473 1368 ipsius
496 1295 659 1369 partiumve
682 1293 747 1369 ejus
769 1297 947 1354 memoratio
970 1296 1135 1354 necessaria
1156 1294 1205 1354 hie
1227 1301 1273 1353 est
1294 1295 1421 1354 minime.

393 1378 470 1453 Quid
493 1379 626 1456 appellas
649 1379 808 1440 circulum?
847 1381 980 1440 Circulos
1003 1389 1049 1441 est
1070 1385 1100 1442 in
1122 1384 1283 1457 geometria
1304 1380 1474 1458 superficies
1498 1376 1639 1456 plenas

159 1456 161 1462 ’
207 1467 215 1484 “
283 1465 436 1544 superficie
460 1466 613 1544 sphaerica
635 1467 763 1544 undique
784 1477 918 1546 persensa
941 1477 969 1528 et
992 1473 1154 1532 terminata
1190 1467 1250 1528 Sed
1273 1465 1639 1531 inastrnnorniacirculns

282 1552 417 1614 delinitur
440 1555 504 1630 ipsa
524 1554 603 1614 linea
624 1556 763 1618 sectionis
786 1564 905 1618 mutuae
935 1555 1015 1634 plani
1038 1564 1067 1616 et
1088 1556 1233 1635 sphaerici
1254 1559 1330 1617 inter
1352 1571 1385 1616 se
1407 1557 1637 1614 commissomm.

280 1641 355 1708 Nam
378 1641 459 1718 plani
482 1661 499 1730 a
521 1643 650 1705 sectione
678 1644 880 1721 comprehensi
910 1644 1104 1706 consideratio
1134 1661 1226 1706 causa
1252 1646 1341 1723 spatii
1368 1641 1441 1702 nihil
1469 1641 1509 1701 ad
1538 1655 1636 1702 απο-

281 1731 407 1788 nomiam
431 1731 564 1807 pertinet.
884 1793 888 1802 ,

390 1815 541 1892 Quaenam
564 1824 610 1877 est
631 1820 793 1895 proprietas
817 1817 940 1880 circnlii
971 1817 1079 1880 circuli
1098 1820 1197 1880 omnia
1219 1825 1329 1896 puncta
1351 1817 1514 1894 aequaliter
1529 1817 1638 1876 absunt

284 1905 323 1966 ab
346 1921 405 1964 uno
429 1905 528 1980 aliquo
553 1913 660 1982 puncto
683 1905 763 1982 plani
785 1906 935 1968 circularis
956 1904 1063 1978 medio,
1086 1907 1167 1983 quod
1190 1914 1319 1968 centrum
1343 1904 1458 1965 dicitur.

390 1992 488 2052 Proba
509 1991 575 2052 hoo.
621 1992 696 2052 Cum
718 1995 795 2054 enirn
818 1993 942 2054 circulus
966 1995 1101 2056 omnibus
1123 1996 1186 2054 suis
1207 1995 1340 2072 partibus
1363 2011 1415 2074 per
1436 1991 1637 2052 definitionem

279 2083 317 2139 sit
347 2083 376 2138 in
407 2080 560 2158 superficie
591 2080 761 2158 sphaerica,
792 2085 890 2142 omnia
921 2082 984 2159 ejus
1013 2089 1122 2160 puncta
1150 2081 1312 2157 aequaliter
1339 2083 1463 2143 aberunt
1493 2089 1636 2140 aceotm

278 2167 431 2246 sphaerae.
470 2165 582 2242 Quodsi
604 2168 740 2245 planum,
769 2171 799 2228 in
822 2187 881 2246 quo
912 2169 1031 2245 quidem
1054 2168 1187 2244 circulus,
1210 2176 1293 2228 secat
1313 2169 1469 2246 sphaeram
1491 2183 1544 2245 pcr
1567 2183 1636 2225 cen-
1712 2189 1713 2192 ¹

279 2263 364 2326 trum,
389 2263 470 2332 patet
493 2258 690 2332 propositum:
714 2257 791 2316 idem
814 2261 893 2318 enim
915 2266 960 2318 est
981 2266 1112 2318 centrum
1135 2265 1165 2316 et
1187 2257 1330 2335 sphaeras
1352 2264 1383 2317 et
1405 2255 1514 2317 circuli.
1557 2254 1636 2313 Aret

278 2343 398 2422 planum
421 2342 477 2400 hoc
498 2343 652 2418 sphaeram
675 2361 734 2404 non
757 2362 809 2422 per
831 2353 962 2404 centrum
984 2352 1074 2418 secet,
1097 2343 1208 2406 incidat
1230 2347 1319 2420 igitur
1342 2363 1377 2404 ex
1393 2352 1492 2404 centro
1509 2357 1637 2420 perpen-

279 2430 418 2491 dicularis
441 2432 470 2488 in
494 2429 629 2506 planum,
653 2439 793 2509 punctum
815 2431 990 2493 incidentiae
1013 2435 1068 2492 erit
1089 2440 1218 2494 centrum
1240 2431 1321 2509 plani
1343 2429 1509 2502 circularis,
1536 2448 1557 2488 a
1578 2445 1638 2504 qno

279 2519 418 2578 sectionis
449 2532 550 2577 omnes
582 2525 679 2594 partes
706 2519 870 2595 aequaliter
897 2521 1033 2580 aberunt.
1078 2519 1152 2580 (lum
1180 2521 1258 2580 enim
1285 2520 1344 2580 sint
1370 2517 1512 2596 aequales
1540 2518 1638 2577 lineae
1712 2533 1713 2536 ¹

278 2621 380 2666 omnes
403 2622 421 2664 a
444 2612 543 2664 centro
566 2605 711 2686 sphaerae
731 2606 770 2667 ad
793 2609 967 2679 sectionem,
996 2616 1026 2668 st
1054 2607 1134 2668 linea
1164 2605 1411 2685 perpendicularis
1438 2608 1478 2668 sit
1507 2604 1638 2680 nudique
1712 2599 1713 2646 ἶ

278 2692 390 2765 eadem,
414 2699 444 2752 et
464 2691 591 2768 angulus
614 2693 861 2770 perpendicularis
876 2713 942 2756 cum
957 2696 1046 2774 pleno
1061 2694 1191 2772 undique
1204 2703 1309 2768 rectus,
1333 2695 1363 2752 in
1383 2692 1533 2769 triangulo
1548 2693 1637 2768 igitar

277 2778 479 2856 unoquolibet,
502 2778 540 2838 ed
561 2796 766 2857 quamcunque
788 2791 900 2861 partem
922 2784 1061 2844 sectionis
1088 2790 1119 2842 et
1141 2782 1201 2842 dno
1223 2790 1322 2844 centra
1344 2785 1515 2856 constituto,
1545 2781 1637 2840 trihns
1711 2783 1712 2848 ζ

278 2867 460 2947 aequalibus,
484 2868 597 2944 reliqua
619 2875 648 2930 ot
671 2878 756 2931 erunt
777 2870 922 2946 aequalia.

386 2954 465 3030 Quid
488 2965 532 3014 est
556 2956 695 3018 diameter
718 2958 843 3020 circuli?
881 2958 974 3020 Recta
995 2975 1047 3036 per
1074 2965 1207 3020 centrum
1232 2955 1331 3018 circuli
1360 2955 1495 3018 hadrrcta
1518 2952 1557 3016 ad
1579 2956 1637 3014 eir·
1711 2979 1712 3028 3

276 3043 373 3107 culum
397 3044 554 3119 utrimque.
1710 3070 1711 3078 ¹

385 3128 462 3206 Quid
486 3138 532 3190 est
554 3131 619 3192 axis
641 3131 766 3193 circuli?
802 3132 897 3194 Recta
918 3132 957 3194 ad
979 3133 1100 3212 planum
1127 3131 1226 3192 circuli
1255 3149 1290 3193 er
1315 3139 1414 3192 centro
1437 3129 1637 3210 perpendicn-

274 3219 347 3282 laris
369 3227 399 3280 et
421 3220 569 3295 utrimque
591 3236 685 3295 nsque
708 3219 746 3280 ad
768 3220 952 3298 superficiem
974 3221 1157 3297 sphaericam
1179 3222 1360 3280 continuata.

384 3305 462 3382 Quid
483 3314 552 3366 sunt
573 3307 633 3384 poli
657 3307 780 3368 circuli?
816 3309 953 3370 Extrema
975 3309 1040 3370 axis
1061 3318 1170 3384 puncta
1193 3311 1222 3366 in
1246 3308 1398 3384 superficie
1420 3307 1585 3385 sphaerica.

387 3393 470 3470 Ques
494 3401 563 3454 sunt
586 3393 763 3456 differentiae
785 3396 958 3457 circulorum
982 3398 1009 3454 in
1033 3396 1209 3472 sphaerico?
1239 3396 1364 3456 Duobus
1385 3395 1482 3456 modis
1498 3395 1632 3456 differant

277 3480 375 3543 circuli
400 3484 429 3540 ln
451 3482 613 3560 sphaerico,
636 3499 741 3558 nempe
765 3483 812 3544 vel
835 3485 999 3559 quantitate
1022 3483 1070 3544 sel
1093 3486 1160 3544 situ.

265 3619 269 3628 ,
384 3568 537 3644 Quomodo
562 3568 753 3644 Quantitate'l
792 3571 918 3646 Quidam
947 3577 1015 3631 suut
1037 3573 1171 3645 maximi,
1202 3569 1323 3648 quidam
1345 3573 1471 3632 minores
1492 3570 1630 3630 maximo.

274 3656 412 3731 Maximi,
436 3675 501 3718 cum
524 3657 643 3735 planum
671 3666 753 3720 secat
774 3659 930 3735 sphaeram
952 3676 1005 3738 per
1027 3668 1156 3720 centrum
1179 3658 1290 3741 inssdoo
1314 3658 1467 3736 aequalia,
1494 3660 1630 3732 minores,

274 3763 340 3805 cum
363 3755 445 3806 extra
466 3753 595 3804 centrum
618 3747 647 3803 in
670 3746 728 3805 duo
752 3747 928 3823 inaequalia.

385 3832 540 3908 Quomodo
556 3832 746 3908 demonstras,
770 3837 913 3896 maximos
937 3853 1009 3908 esse,
1026 3853 1149 3911 quorum
1165 3835 1255 3912 plana
1276 3853 1328 3913 per
1342 3842 1473 3896 centrum
1488 3831 1630 3909 sphaerae

273 3929 432 3994 transeunt,
455 3923 583 3980 minores
606 3921 742 3982 ceteros?
786 3921 864 3998 Quia
886 3923 1024 4000 trianguli
1047 3923 1180 3984 isoscelis
1209 3923 1267 3982 duo
1297 3923 1392 3983 latera
1422 3939 1539 3998 semper
1561 3927 1630 3980 suut
1708 3971 1709 3974 ,

272 4010 386 4085 majora
418 4010 490 4068 basi.
536 4008 667 4069 Ducatnr
697 4011 784 4085 igitur
808 4010 948 4070 diameter
970 4029 1022 4088 per
1044 4018 1174 4072 centrum
1197 4013 1317 4070 minoris
1347 4011 1473 4086 eiusque
1501 4018 1630 4068 exhausa

273 4104 483 4158 connectantur
505 4114 572 4155 cuns
596 4105 694 4156 centro
716 4097 869 4172 sphaerae.
913 4097 998 4158 Haec
1021 4108 1105 4158 errrnt
1128 4099 1186 4159 duo
1209 4098 1346 4174 aequalia
1368 4115 1465 4170 crura,
1490 4096 1630 4156 diameter

270 4200 341 4245 vero
372 4183 423 4242 illa
454 4185 509 4243 erit
530 4185 623 4255 basis,
654 4187 748 4244 minor
776 4188 864 4262 igitur
894 4185 968 4246 haec
996 4186 1135 4248 diameter
1165 4186 1280 4245 duobus
1309 4187 1450 4246 eruribus.
1497 4186 1539 4243 At
1570 4182 1626 4242 duo

273 4291 358 4332 crura
385 4277 516 4347 aequant
546 4270 717 4332 diametrum
748 4273 849 4334 circuli
877 4276 1003 4334 maximi.
1049 4274 1147 4336 Minor
1168 4291 1238 4349 ergo
1266 4281 1311 4334 est
1334 4273 1474 4336 diameter
1496 4289 1557 4331 non
1580 4287 1631 4348 per

272 4368 403 4421 centrum
426 4360 569 4436 sphaerae
592 4363 768 4420 transeuntis
782 4361 864 4437 plani
880 4361 1037 4436 circularis,
1060 4365 1155 4422 minor
1177 4363 1266 4437 igitur
1288 4369 1318 4421 ot
1340 4363 1402 4438 ipse
1419 4361 1555 4434 circulus,
1580 4357 1630 4436 qui
1705 4383 1707 4404 ι

273 4465 331 4508 non
356 4464 408 4525 per
431 4455 560 4508 centrum
583 4447 735 4523 sphaerae.
782 4448 928 4509 Maximus
952 4452 1049 4526 igitur,
1073 4452 1125 4526 qni
1146 4467 1198 4526 per
1221 4457 1362 4512 centrum.

382 4534 538 4610 Quomodo
569 4535 669 4595 circuli
697 4536 840 4613 sphaerae
871 4537 1006 4596 differunt
1035 4537 1131 4598 situi·
1154 4536 1281 4611 Quidam
1303 4540 1377 4596 inter
1399 4554 1430 4596 sc
1457 4537 1530 4596 recti
1552 4541 1627 4608 sunl,
1706 4579 1707 4588 ,

174 4672 178 4691 .
273 4622 323 4684 alii
348 4623 475 4699 obliqui,
500 4623 549 4682 alii
572 4622 716 4699 paralleli.
761 4623 859 4698 Recti,
885 4641 1005 4701 quorum
1029 4625 1118 4701 plana
1140 4641 1172 4684 se
1195 4634 1298 4684 mutuo
1321 4631 1421 4685 secant
1443 4622 1481 4682 ad
1503 4621 1628 4698 angulos
1705 4621 1707 4640 ¹

271 4718 376 4784 rectos,
401 4711 530 4787 obliqui,
563 4727 686 4786 quorum
710 4711 798 4787 plana
821 4729 852 4772 se
875 4720 976 4774 secent
999 4714 1127 4790 obliquis
1150 4713 1266 4789 angulis
1289 4729 1340 4773 seu
1371 4717 1446 4772 intra
1473 4711 1628 4787 sphaeram

272 4815 325 4857 seu
349 4805 440 4871 extra,
464 4800 750 4876 continuatamque
774 4799 811 4859 ad
834 4816 1022 4878 concursum,
1046 4801 1196 4878 paralleli,
1221 4817 1344 4878 quorum
1366 4800 1456 4878 plana
1476 4797 1626 4876 paralius,
1704 4827 1706 4864 r

271 4887 314 4946 sic
335 4894 369 4946 ut
391 4887 561 4947 continuata
583 4904 642 4950 non
665 4895 846 4950 concurrant.
