<?xml version="1.0" encoding="UTF-8"?>
<!DOCTYPE html PUBLIC "-//W3C//DTD XHTML 1.0 Transitional//EN"
    "http://www.w3.org/TR/xhtml1/DTD/xhtml1-transitional.dtd">
<html xmlns="http://www.w3.org/1999/xhtml" xml:lang="en" lang="en">
 <head>
  <title>
</title>
<meta http-equiv="Content-Type" content="text/html;charset=utf-8" />
  <meta name='ocr-system' content='tesseract 3.04.00' />
  <meta name='ocr-capabilities' content='ocr_page ocr_carea ocr_par ocr_line ocrx_word'/>
</head>
<body>
  <div class='ocr_page' id='page_1' title='image "./joanniskepleria21frisgoog_0190.png"; bbox 0 0 3436 5416; ppageno 0'>
   <div class='ocr_carea' id='block_1_1' title="bbox 311 383 1297 468">
    <p class='ocr_par' dir='ltr' id='par_1_1' title="bbox 311 383 1297 468">
     <span class='ocr_line' id='line_1_1' title="bbox 311 383 1297 468; baseline -0.006 -6"><span class='ocrx_word' id='word_1_1' title='bbox 311 399 375 468; x_wconf 79' lang='grc'><strong>176</strong></span> <span class='ocrx_word' id='word_1_2' title='bbox 520 457 525 466; x_wconf 90' lang='grc'>,</span> <span class='ocrx_word' id='word_1_3' title='bbox 663 400 834 458; x_wconf 76' lang='lat' dir='ltr'><strong>Collectsnes</strong></span> <span class='ocrx_word' id='word_1_4' title='bbox 852 415 887 456; x_wconf 86' lang='lat' dir='ltr'><strong>ex</strong></span> <span class='ocrx_word' id='word_1_5' title='bbox 905 400 1044 458; x_wconf 76' lang='lat' dir='ltr'><strong>codicibus</strong></span> <span class='ocrx_word' id='word_1_6' title='bbox 1061 383 1297 460; x_wconf 80' lang='lat' dir='ltr'><strong>Pullroricusibas.</strong></span> 
     </span>
    </p>
   </div>
   <div class='ocr_carea' id='block_1_2' title="bbox 309 574 1709 1619">
    <p class='ocr_par' dir='ltr' id='par_1_2' title="bbox 311 574 1649 747">
     <span class='ocr_line' id='line_1_2' title="bbox 311 574 1649 659; baseline -0.004 -20"><span class='ocrx_word' id='word_1_7' title='bbox 311 580 474 653; x_wconf 87' lang='lat' dir='ltr'><strong>terminari,</strong></span> <span class='ocrx_word' id='word_1_8' title='bbox 497 577 566 639; x_wconf 90' lang='lat' dir='ltr'><strong>binc</strong></span> <span class='ocrx_word' id='word_1_9' title='bbox 587 578 713 639; x_wconf 82' lang='lat' dir='ltr'>nobilior</span> <span class='ocrx_word' id='word_1_10' title='bbox 735 581 860 659; x_wconf 89' lang='lat' dir='ltr'><strong>sphaera</strong></span> <span class='ocrx_word' id='word_1_11' title='bbox 881 581 994 642; x_wconf 85' lang='lat' dir='ltr'><strong>infinita</strong></span> <span class='ocrx_word' id='word_1_12' title='bbox 1018 579 1202 659; x_wconf 87' lang='lat' dir='ltr'><strong>quantitate).</strong></span> <span class='ocrx_word' id='word_1_13' title='bbox 1247 577 1324 639; x_wconf 89' lang='lat' dir='ltr'><strong>Hinc</strong></span> <span class='ocrx_word' id='word_1_14' title='bbox 1345 594 1405 640; x_wconf 87' lang='lat' dir='ltr'><strong>uns</strong></span> <span class='ocrx_word' id='word_1_15' title='bbox 1426 583 1472 636; x_wconf 85' lang='lat' dir='ltr'><strong>est</strong></span> <span class='ocrx_word' id='word_1_16' title='bbox 1492 574 1586 652; x_wconf 84' lang='lat' dir='ltr'><strong>figura</strong></span> <span class='ocrx_word' id='word_1_17' title='bbox 1604 591 1649 635; x_wconf 80' lang='lat' dir='ltr'><strong>aa·</strong></span> 
     </span>
     <span class='ocr_line' id='line_1_3' title="bbox 311 665 1157 747; baseline 0.002 -20"><span class='ocrx_word' id='word_1_18' title='bbox 311 685 390 727; x_wconf 87' lang='lat' dir='ltr'><strong>vum.</strong></span> <span class='ocrx_word' id='word_1_19' title='bbox 437 665 558 726; x_wconf 84' lang='lat' dir='ltr'><strong>Crestnr</strong></span> <span class='ocrx_word' id='word_1_20' title='bbox 580 669 668 743; x_wconf 90' lang='lat' dir='ltr'><strong>igitur</strong></span> <span class='ocrx_word' id='word_1_21' title='bbox 690 685 723 728; x_wconf 88' lang='lat' dir='ltr'><strong>se</strong></span> <span class='ocrx_word' id='word_1_22' title='bbox 745 670 810 747; x_wconf 89' lang='lat' dir='ltr'><strong>ipsa</strong></span> <span class='ocrx_word' id='word_1_23' title='bbox 831 671 879 730; x_wconf 85' lang='lat' dir='ltr'><strong>vel</strong></span> <span class='ocrx_word' id='word_1_24' title='bbox 904 671 1034 746; x_wconf 89' lang='lat' dir='ltr'><strong>ingenita</strong></span> <span class='ocrx_word' id='word_1_25' title='bbox 1057 687 1092 730; x_wconf 86' lang='lat' dir='ltr'><strong>ex</strong></span> <span class='ocrx_word' id='word_1_26' title='bbox 1114 687 1157 729; x_wconf 90' lang='lat' dir='ltr'><strong>se.</strong></span> 
     </span>
    </p>

    <p class='ocr_par' dir='ltr' id='par_1_3' title="bbox 310 749 1652 1448">
     <span class='ocr_line' id='line_1_4' title="bbox 415 749 1652 835; baseline -0.002 -23"><span class='ocrx_word' id='word_1_27' title='bbox 415 753 559 814; x_wconf 79' lang='lat' dir='ltr'>Punctum</span> <span class='ocrx_word' id='word_1_28' title='bbox 583 758 681 832; x_wconf 88' lang='lat' dir='ltr'><strong>origo,</strong></span> <span class='ocrx_word' id='word_1_29' title='bbox 712 757 879 835; x_wconf 84' lang='lat' dir='ltr'><strong>superficies</strong></span> <span class='ocrx_word' id='word_1_30' title='bbox 905 759 1004 834; x_wconf 89' lang='lat' dir='ltr'><strong>genita</strong></span> <span class='ocrx_word' id='word_1_31' title='bbox 1026 759 1126 834; x_wconf 89' lang='lat' dir='ltr'><strong>quasi,</strong></span> <span class='ocrx_word' id='word_1_32' title='bbox 1156 755 1323 816; x_wconf 76' lang='lat' dir='ltr'><strong>charactere</strong></span> <span class='ocrx_word' id='word_1_33' title='bbox 1352 751 1452 830; x_wconf 89' lang='lat' dir='ltr'><strong>puncti</strong></span> <span class='ocrx_word' id='word_1_34' title='bbox 1476 749 1589 810; x_wconf 86' lang='lat' dir='ltr'><strong>infinito</strong></span> <span class='ocrx_word' id='word_1_35' title='bbox 1611 749 1652 809; x_wconf 84' lang='lat' dir='ltr'><strong>rel</strong></span> 
     </span>
     <span class='ocr_line' id='line_1_5' title="bbox 311 838 1651 922; baseline -0.001 -24"><span class='ocrx_word' id='word_1_36' title='bbox 311 859 465 919; x_wconf 86' lang='lat' dir='ltr'><strong>progressu</strong></span> <span class='ocrx_word' id='word_1_37' title='bbox 482 841 543 914; x_wconf 89' lang='lat' dir='ltr'><strong>tali,</strong></span> <span class='ocrx_word' id='word_1_38' title='bbox 567 843 609 901; x_wconf 90' lang='lat' dir='ltr'><strong>sic</strong></span> <span class='ocrx_word' id='word_1_39' title='bbox 623 849 731 917; x_wconf 85' lang='lat' dir='ltr'><strong>tamen,</strong></span> <span class='ocrx_word' id='word_1_40' title='bbox 748 853 781 904; x_wconf 92' lang='lat' dir='ltr'><strong>ut</strong></span> <span class='ocrx_word' id='word_1_41' title='bbox 796 847 952 922; x_wconf 83' lang='lat' dir='ltr'><strong>vestigium</strong></span> <span class='ocrx_word' id='word_1_42' title='bbox 969 861 1027 903; x_wconf 93' lang='lat' dir='ltr'><strong>non</strong></span> <span class='ocrx_word' id='word_1_43' title='bbox 1043 848 1168 922; x_wconf 78' lang='lat' dir='ltr'><strong>supersit</strong></span> <span class='ocrx_word' id='word_1_44' title='bbox 1182 845 1328 913; x_wconf 74' lang='lat' dir='ltr'><strong>transitus,</strong></span> <span class='ocrx_word' id='word_1_45' title='bbox 1351 838 1402 900; x_wconf 88' lang='lat' dir='ltr'><strong>sed</strong></span> <span class='ocrx_word' id='word_1_46' title='bbox 1418 845 1534 897; x_wconf 85' lang='lat' dir='ltr'><strong>tanturn</strong></span> <span class='ocrx_word' id='word_1_47' title='bbox 1549 845 1651 912; x_wconf 85' lang='lat' dir='ltr'><strong>metae;</strong></span> 
     </span>
     <span class='ocr_line' id='line_1_6' title="bbox 310 925 1652 1009; baseline -0.003 -21"><span class='ocrx_word' id='word_1_48' title='bbox 310 928 474 1006; x_wconf 72' lang='lat' dir='ltr'>aequalitas</span> <span class='ocrx_word' id='word_1_49' title='bbox 498 929 668 1003; x_wconf 90' lang='lat' dir='ltr'><strong>distantiae,</strong></span> <span class='ocrx_word' id='word_1_50' title='bbox 693 947 728 990; x_wconf 88' lang='lat' dir='ltr'><strong>ex</strong></span> <span class='ocrx_word' id='word_1_51' title='bbox 750 940 874 1008; x_wconf 90' lang='lat' dir='ltr'><strong>utroque</strong></span> <span class='ocrx_word' id='word_1_52' title='bbox 898 931 1058 1009; x_wconf 77' lang='lat' dir='ltr'><strong>procedens</strong></span> <span class='ocrx_word' id='word_1_53' title='bbox 1073 939 1102 992; x_wconf 88' lang='lat' dir='ltr'><strong>at</strong></span> <span class='ocrx_word' id='word_1_54' title='bbox 1115 931 1268 991; x_wconf 89' lang='lat' dir='ltr'><strong>resultans.</strong></span> <span class='ocrx_word' id='word_1_55' title='bbox 1299 925 1369 986; x_wconf 82' lang='lat' dir='ltr'><strong>Tria</strong></span> <span class='ocrx_word' id='word_1_56' title='bbox 1384 943 1473 985; x_wconf 91' lang='lat' dir='ltr'><strong>unum</strong></span> <span class='ocrx_word' id='word_1_57' title='bbox 1488 933 1572 999; x_wconf 89' lang='lat' dir='ltr'><strong>sunt,</strong></span> <span class='ocrx_word' id='word_1_58' title='bbox 1593 943 1652 984; x_wconf 91' lang='lat' dir='ltr'><strong>nam</strong></span> 
     </span>
     <span class='ocr_line' id='line_1_7' title="bbox 310 1013 1652 1097; baseline -0.002 -22"><span class='ocrx_word' id='word_1_59' title='bbox 310 1033 486 1092; x_wconf 90' lang='lat' dir='ltr'><strong>quocunque</strong></span> <span class='ocrx_word' id='word_1_60' title='bbox 508 1025 633 1093; x_wconf 88' lang='lat' dir='ltr'><strong>negato,</strong></span> <span class='ocrx_word' id='word_1_61' title='bbox 664 1026 758 1078; x_wconf 85' lang='lat' dir='ltr'><strong>toturn</strong></span> <span class='ocrx_word' id='word_1_62' title='bbox 781 1027 912 1097; x_wconf 90' lang='lat' dir='ltr'><strong>negatur,</strong></span> <span class='ocrx_word' id='word_1_63' title='bbox 936 1027 966 1079; x_wconf 90' lang='lat' dir='ltr'><strong>et</strong></span> <span class='ocrx_word' id='word_1_64' title='bbox 988 1021 1164 1080; x_wconf 88' lang='lat' dir='ltr'><strong>omniatria</strong></span> <span class='ocrx_word' id='word_1_65' title='bbox 1186 1015 1370 1096; x_wconf 89' lang='lat' dir='ltr'><strong>perreliqua</strong></span> <span class='ocrx_word' id='word_1_66' title='bbox 1393 1013 1451 1074; x_wconf 89' lang='lat' dir='ltr'><strong>duo</strong></span> <span class='ocrx_word' id='word_1_67' title='bbox 1475 1013 1652 1073; x_wconf 88' lang='lat' dir='ltr'><strong>deliniuntur.</strong></span> 
     </span>
     <span class='ocr_line' id='line_1_8' title="bbox 310 1100 1651 1181; baseline -0.002 -19"><span class='ocrx_word' id='word_1_68' title='bbox 310 1103 385 1164; x_wconf 84' lang='lat' dir='ltr'><strong>Item</strong></span> <span class='ocrx_word' id='word_1_69' title='bbox 409 1103 524 1164; x_wconf 88' lang='lat' dir='ltr'><strong>duobus</strong></span> <span class='ocrx_word' id='word_1_70' title='bbox 546 1108 677 1181; x_wconf 87' lang='lat' dir='ltr'><strong>negatis,</strong></span> <span class='ocrx_word' id='word_1_71' title='bbox 710 1109 827 1166; x_wconf 87' lang='lat' dir='ltr'><strong>tertium</strong></span> <span class='ocrx_word' id='word_1_72' title='bbox 849 1107 955 1166; x_wconf 83' lang='lat' dir='ltr'>nullibi</span> <span class='ocrx_word' id='word_1_73' title='bbox 984 1107 1130 1179; x_wconf 78' lang='lat' dir='ltr'>subsistit,</span> <span class='ocrx_word' id='word_1_74' title='bbox 1161 1105 1209 1165; x_wconf 89' lang='lat' dir='ltr'><strong>vel</strong></span> <span class='ocrx_word' id='word_1_75' title='bbox 1231 1121 1290 1164; x_wconf 88' lang='lat' dir='ltr'><strong>uno</strong></span> <span class='ocrx_word' id='word_1_76' title='bbox 1313 1109 1437 1179; x_wconf 88' lang='lat' dir='ltr'><strong>negato,</strong></span> <span class='ocrx_word' id='word_1_77' title='bbox 1465 1100 1581 1178; x_wconf 91' lang='lat' dir='ltr'><strong>reliqua</strong></span> <span class='ocrx_word' id='word_1_78' title='bbox 1602 1100 1651 1159; x_wconf 91' lang='lat' dir='ltr'><strong>duo</strong></span> 
     </span>
     <span class='ocr_line' id='line_1_9' title="bbox 311 1189 1652 1278; baseline -0.004 -27"><span class='ocrx_word' id='word_1_79' title='bbox 311 1200 444 1269; x_wconf 88' lang='lat' dir='ltr'><strong>pereunt.</strong></span> <span class='ocrx_word' id='word_1_80' title='bbox 490 1191 521 1252; x_wconf 87' lang='lat' dir='ltr'><strong>Si</strong></span> <span class='ocrx_word' id='word_1_81' title='bbox 544 1200 700 1268; x_wconf 89' lang='lat' dir='ltr'><strong>puuctum,</strong></span> <span class='ocrx_word' id='word_1_82' title='bbox 724 1211 782 1278; x_wconf 83' lang='lat' dir='ltr'><strong>qon</strong></span> <span class='ocrx_word' id='word_1_83' title='bbox 805 1197 860 1253; x_wconf 88' lang='lat' dir='ltr'><strong>erit</strong></span> <span class='ocrx_word' id='word_1_84' title='bbox 882 1197 1071 1254; x_wconf 74' lang='lat' dir='ltr'><strong>circumstans</strong></span> <span class='ocrx_word' id='word_1_85' title='bbox 1092 1211 1147 1254; x_wconf 91' lang='lat' dir='ltr'><strong>nec</strong></span> <span class='ocrx_word' id='word_1_86' title='bbox 1169 1191 1333 1269; x_wconf 79' lang='lat' dir='ltr'><strong>aequalitas</strong></span> <span class='ocrx_word' id='word_1_87' title='bbox 1356 1189 1530 1262; x_wconf 82' lang='lat' dir='ltr'><strong>distantiae3</strong></span> <span class='ocrx_word' id='word_1_88' title='bbox 1561 1189 1587 1246; x_wconf 91' lang='lat' dir='ltr'><strong>si</strong></span> <span class='ocrx_word' id='word_1_89' title='bbox 1607 1205 1652 1246; x_wconf 87' lang='lat' dir='ltr'><strong>aa·</strong></span> 
     </span>
     <span class='ocr_line' id='line_1_10' title="bbox 310 1274 1652 1358; baseline -0.003 -21"><span class='ocrx_word' id='word_1_90' title='bbox 310 1280 406 1355; x_wconf 89' lang='lat' dir='ltr'><strong>qualis</strong></span> <span class='ocrx_word' id='word_1_91' title='bbox 428 1277 576 1354; x_wconf 83' lang='lat' dir='ltr'><strong>distantia,</strong></span> <span class='ocrx_word' id='word_1_92' title='bbox 599 1279 724 1357; x_wconf 89' lang='lat' dir='ltr'><strong>sphaera</strong></span> <span class='ocrx_word' id='word_1_93' title='bbox 747 1299 805 1340; x_wconf 91' lang='lat' dir='ltr'><strong>non</strong></span> <span class='ocrx_word' id='word_1_94' title='bbox 821 1284 875 1342; x_wconf 88' lang='lat' dir='ltr'><strong>erit</strong></span> <span class='ocrx_word' id='word_1_95' title='bbox 889 1281 1035 1358; x_wconf 82' lang='lat' dir='ltr'><strong>aequalis3</strong></span> <span class='ocrx_word' id='word_1_96' title='bbox 1058 1283 1082 1339; x_wconf 90' lang='lat' dir='ltr'><strong>si</strong></span> <span class='ocrx_word' id='word_1_97' title='bbox 1099 1284 1216 1341; x_wconf 91' lang='lat' dir='ltr'><strong>omniuo</strong></span> <span class='ocrx_word' id='word_1_98' title='bbox 1233 1278 1380 1352; x_wconf 73' lang='lat' dir='ltr'><strong>dicuntia,</strong></span> <span class='ocrx_word' id='word_1_99' title='bbox 1396 1276 1469 1336; x_wconf 91' lang='lat' dir='ltr'><strong>nihil</strong></span> <span class='ocrx_word' id='word_1_100' title='bbox 1485 1278 1555 1352; x_wconf 76' lang='lat' dir='ltr'><strong>erit3</strong></span> <span class='ocrx_word' id='word_1_101' title='bbox 1578 1274 1652 1335; x_wconf 88' lang='lat' dir='ltr'><strong>deni·</strong></span> 
     </span>
     <span class='ocr_line' id='line_1_11' title="bbox 310 1367 1350 1448; baseline 0 -22"><span class='ocrx_word' id='word_1_102' title='bbox 310 1381 368 1442; x_wconf 92' lang='lat' dir='ltr'><strong>que</strong></span> <span class='ocrx_word' id='word_1_103' title='bbox 391 1368 417 1428; x_wconf 87' lang='lat' dir='ltr'><strong>si</strong></span> <span class='ocrx_word' id='word_1_104' title='bbox 440 1369 638 1439; x_wconf 85' lang='lat' dir='ltr'><strong>circumstans,</strong></span> <span class='ocrx_word' id='word_1_105' title='bbox 663 1367 800 1428; x_wconf 87' lang='lat' dir='ltr'><strong>distantia</strong></span> <span class='ocrx_word' id='word_1_106' title='bbox 823 1372 898 1448; x_wconf 89' lang='lat' dir='ltr'><strong>perit</strong></span> <span class='ocrx_word' id='word_1_107' title='bbox 920 1380 950 1429; x_wconf 92' lang='lat' dir='ltr'><strong>et</strong></span> <span class='ocrx_word' id='word_1_108' title='bbox 970 1377 1109 1446; x_wconf 88' lang='lat' dir='ltr'><strong>punctum</strong></span> <span class='ocrx_word' id='word_1_109' title='bbox 1137 1367 1231 1445; x_wconf 88' lang='lat' dir='ltr'><strong>perdit</strong></span> <span class='ocrx_word' id='word_1_110' title='bbox 1253 1368 1350 1426; x_wconf 90' lang='lat' dir='ltr'><strong>situm.</strong></span> 
     </span>
    </p>

    <p class='ocr_par' dir='ltr' id='par_1_4' title="bbox 309 1451 1709 1619">
     <span class='ocr_line' id='line_1_12' title="bbox 414 1451 1709 1534; baseline -0.005 -20"><span class='ocrx_word' id='word_1_111' title='bbox 414 1453 565 1514; x_wconf 85' lang='lat' dir='ltr'><strong>Hactenus</strong></span> <span class='ocrx_word' id='word_1_112' title='bbox 592 1454 665 1514; x_wconf 92' lang='lat' dir='ltr'><strong>nibil</strong></span> <span class='ocrx_word' id='word_1_113' title='bbox 695 1454 816 1531; x_wconf 91' lang='lat' dir='ltr'><strong>dictum,</strong></span> <span class='ocrx_word' id='word_1_114' title='bbox 849 1456 928 1533; x_wconf 91' lang='lat' dir='ltr'><strong>quod</strong></span> <span class='ocrx_word' id='word_1_115' title='bbox 955 1473 1014 1515; x_wconf 93' lang='lat' dir='ltr'><strong>non</strong></span> <span class='ocrx_word' id='word_1_116' title='bbox 1037 1473 1069 1516; x_wconf 89' lang='lat' dir='ltr'><strong>ee</strong></span> <span class='ocrx_word' id='word_1_117' title='bbox 1100 1459 1163 1534; x_wconf 90' lang='lat' dir='ltr'><strong>ipso</strong></span> <span class='ocrx_word' id='word_1_118' title='bbox 1187 1454 1236 1515; x_wconf 83' lang='lat' dir='ltr'><strong>rel</strong></span> <span class='ocrx_word' id='word_1_119' title='bbox 1258 1471 1293 1514; x_wconf 86' lang='lat' dir='ltr'><strong>ex</strong></span> <span class='ocrx_word' id='word_1_120' title='bbox 1317 1455 1409 1531; x_wconf 92' lang='lat' dir='ltr'><strong>primo</strong></span> <span class='ocrx_word' id='word_1_121' title='bbox 1438 1451 1514 1512; x_wconf 94' lang='lat' dir='ltr'><strong>libro</strong></span> <span class='ocrx_word' id='word_1_122' title='bbox 1539 1451 1652 1528; x_wconf 86' lang='lat' dir='ltr'><strong>cogitari</strong></span> <span class='ocrx_word' id='word_1_123' title='bbox 1707 1481 1709 1488; x_wconf 37' lang='grc' dir='ltr'><em>ν</em></span> 
     </span>
     <span class='ocr_line' id='line_1_13' title="bbox 309 1535 1709 1619; baseline 0.005 -20"><span class='ocrx_word' id='word_1_124' title='bbox 309 1543 404 1619; x_wconf 89' lang='lat' dir='ltr'><strong>possit</strong></span> <span class='ocrx_word' id='word_1_125' title='bbox 426 1550 456 1604; x_wconf 90' lang='lat' dir='ltr'><strong>et</strong></span> <span class='ocrx_word' id='word_1_126' title='bbox 478 1542 526 1602; x_wconf 84' lang='lat' dir='ltr'><strong>rel</strong></span> <span class='ocrx_word' id='word_1_127' title='bbox 550 1553 630 1602; x_wconf 87' lang='lat' dir='ltr'><strong>extra</strong></span> <span class='ocrx_word' id='word_1_128' title='bbox 651 1541 800 1603; x_wconf 91' lang='lat' dir='ltr'><strong>mundum.</strong></span> <span class='ocrx_word' id='word_1_129' title='bbox 1707 1535 1709 1542; x_wconf 73' lang='grc'><strong>’</strong></span> 
     </span>
    </p>
   </div>
   <div class='ocr_carea' id='block_1_3' title="bbox 807 1685 1162 1744">
    <p class='ocr_par' dir='ltr' id='par_1_5' title="bbox 807 1685 1162 1744">
     <span class='ocr_line' id='line_1_14' title="bbox 807 1685 1162 1744; baseline 0 -2"><span class='ocrx_word' id='word_1_130' title='bbox 807 1685 858 1742; x_wconf 86' lang='lat' dir='ltr'><strong>De</strong></span> <span class='ocrx_word' id='word_1_131' title='bbox 881 1689 961 1743; x_wconf 86' lang='lat' dir='ltr'><strong>ortu</strong></span> <span class='ocrx_word' id='word_1_132' title='bbox 982 1687 1162 1744; x_wconf 70' lang='grc' dir='ltr'>τοοιαηιιιι.</span> 
     </span>
    </p>
   </div>
   <div class='ocr_carea' id='block_1_4' title="bbox 9 1799 1705 4940">
    <p class='ocr_par' dir='ltr' id='par_1_6' title="bbox 311 1799 1650 1968">
     <span class='ocr_line' id='line_1_15' title="bbox 413 1799 1650 1879; baseline -0.005 -17"><span class='ocrx_word' id='word_1_133' title='bbox 413 1799 475 1862; x_wconf 88' lang='lat' dir='ltr'><strong>Nec</strong></span> <span class='ocrx_word' id='word_1_134' title='bbox 498 1809 642 1876; x_wconf 89' lang='lat' dir='ltr'><strong>creantur,</strong></span> <span class='ocrx_word' id='word_1_135' title='bbox 665 1818 719 1862; x_wconf 89' lang='lat' dir='ltr'><strong>neo</strong></span> <span class='ocrx_word' id='word_1_136' title='bbox 742 1805 931 1878; x_wconf 80' lang='lat' dir='ltr'><strong>terminantur</strong></span> <span class='ocrx_word' id='word_1_137' title='bbox 953 1819 984 1863; x_wconf 89' lang='lat' dir='ltr'><strong>se</strong></span> <span class='ocrx_word' id='word_1_138' title='bbox 1007 1805 1088 1879; x_wconf 91' lang='lat' dir='ltr'><strong>ipsis.</strong></span> <span class='ocrx_word' id='word_1_139' title='bbox 1128 1801 1277 1862; x_wconf 81' lang='lat' dir='ltr'><strong>Distentis</strong></span> <span class='ocrx_word' id='word_1_140' title='bbox 1298 1802 1393 1860; x_wconf 91' lang='lat' dir='ltr'><strong>omnis</strong></span> <span class='ocrx_word' id='word_1_141' title='bbox 1415 1816 1466 1878; x_wconf 83' lang='lat' dir='ltr'><strong>per</strong></span> <span class='ocrx_word' id='word_1_142' title='bbox 1489 1799 1583 1860; x_wconf 89' lang='lat' dir='ltr'><strong>lineas</strong></span> <span class='ocrx_word' id='word_1_143' title='bbox 1603 1805 1650 1857; x_wconf 89' lang='lat' dir='ltr'><strong>est.</strong></span> 
     </span>
     <span class='ocr_line' id='line_1_16' title="bbox 311 1887 1172 1968; baseline 0.001 -20"><span class='ocrx_word' id='word_1_144' title='bbox 311 1887 467 1950; x_wconf 84' lang='lat' dir='ltr'><strong>Reolsrum</strong></span> <span class='ocrx_word' id='word_1_145' title='bbox 490 1893 545 1949; x_wconf 86' lang='lat' dir='ltr'><strong>tria</strong></span> <span class='ocrx_word' id='word_1_146' title='bbox 567 1907 689 1966; x_wconf 85' lang='lat' dir='ltr'><strong>genera:</strong></span> <span class='ocrx_word' id='word_1_147' title='bbox 713 1889 841 1968; x_wconf 88' lang='lat' dir='ltr'><strong>longum,</strong></span> <span class='ocrx_word' id='word_1_148' title='bbox 865 1891 965 1964; x_wconf 89' lang='lat' dir='ltr'><strong>latum,</strong></span> <span class='ocrx_word' id='word_1_149' title='bbox 989 1889 1172 1968; x_wconf 82' lang='lat' dir='ltr'><strong>protundum.</strong></span> 
     </span>
    </p>

    <p class='ocr_par' dir='ltr' id='par_1_7' title="bbox 9 1975 1655 2580">
     <span class='ocr_line' id='line_1_17' title="bbox 24 1975 1651 2058; baseline -0.006 -18"><span class='ocrx_word' id='word_1_150' title='bbox 24 2023 33 2040; x_wconf 51' lang='lat'><strong>,</strong></span> <span class='ocrx_word' id='word_1_151' title='bbox 51 2027 60 2058; x_wconf 58' lang='lat'><strong>,</strong></span> <span class='ocrx_word' id='word_1_152' title='bbox 73 2041 82 2054; x_wconf 28' lang='lat'><strong>,¹</strong></span> <span class='ocrx_word' id='word_1_153' title='bbox 152 2019 153 2022; x_wconf 19' lang='grc' dir='ltr'><strong>κ</strong></span> <span class='ocrx_word' id='word_1_154' title='bbox 414 1977 458 2036; x_wconf 79' lang='lat' dir='ltr'><strong>Ea</strong></span> <span class='ocrx_word' id='word_1_155' title='bbox 489 1986 596 2056; x_wconf 89' lang='lat' dir='ltr'><strong>puncto</strong></span> <span class='ocrx_word' id='word_1_156' title='bbox 625 1977 766 2056; x_wconf 88' lang='lat' dir='ltr'><strong>sphaerae</strong></span> <span class='ocrx_word' id='word_1_157' title='bbox 795 1981 823 2036; x_wconf 91' lang='lat' dir='ltr'><strong>in</strong></span> <span class='ocrx_word' id='word_1_158' title='bbox 849 1985 987 2056; x_wconf 88' lang='lat' dir='ltr'><strong>punctum</strong></span> <span class='ocrx_word' id='word_1_159' title='bbox 1016 1995 1105 2037; x_wconf 92' lang='lat' dir='ltr'><strong>unum</strong></span> <span class='ocrx_word' id='word_1_160' title='bbox 1134 1975 1296 2055; x_wconf 87' lang='lat' dir='ltr'><strong>superficiei</strong></span> <span class='ocrx_word' id='word_1_161' title='bbox 1318 1975 1464 2052; x_wconf 84' lang='lat' dir='ltr'><strong>trajectas</strong></span> <span class='ocrx_word' id='word_1_162' title='bbox 1495 1976 1651 2050; x_wconf 84' lang='lat' dir='ltr'><strong>vestigatus</strong></span> 
     </span>
     <span class='ocr_line' id='line_1_18' title="bbox 9 2057 1651 2143; baseline -0.003 -19"><span class='ocrx_word' id='word_1_163' title='bbox 9 2057 85 2138; x_wconf 50' lang='lat' dir='ltr'><strong>,Jaffst</strong></span> <span class='ocrx_word' id='word_1_164' title='bbox 148 2097 150 2102; x_wconf 37' lang='lat' dir='ltr'>v</span> <span class='ocrx_word' id='word_1_165' title='bbox 206 2119 207 2122; x_wconf 69' lang='grc'>,</span> <span class='ocrx_word' id='word_1_166' title='bbox 310 2063 508 2138; x_wconf 86' lang='lat' dir='ltr'><strong>brevissimus,</strong></span> <span class='ocrx_word' id='word_1_167' title='bbox 532 2065 610 2124; x_wconf 83' lang='lat' dir='ltr'><strong>linea</strong></span> <span class='ocrx_word' id='word_1_168' title='bbox 628 2064 763 2126; x_wconf 88' lang='lat' dir='ltr'><strong>rectafit.</strong></span> <span class='ocrx_word' id='word_1_169' title='bbox 795 2064 1063 2143; x_wconf 86' lang='lat' dir='ltr'><strong>Casumspbacrse</strong></span> <span class='ocrx_word' id='word_1_170' title='bbox 1080 2081 1207 2138; x_wconf 83' lang='lat' dir='ltr'><strong>assumo,</strong></span> <span class='ocrx_word' id='word_1_171' title='bbox 1231 2063 1438 2123; x_wconf 89' lang='lat' dir='ltr'><strong>utbabeamus</strong></span> <span class='ocrx_word' id='word_1_172' title='bbox 1461 2065 1651 2139; x_wconf 88' lang='lat' dir='ltr'><strong>situmpunc·</strong></span> 
     </span>
     <span class='ocr_line' id='line_1_19' title="bbox 53 2151 1650 2229; baseline -0.003 -19"><span class='ocrx_word' id='word_1_173' title='bbox 53 2159 64 2184; x_wconf 61' lang='grc' dir='ltr'>ι</span> <span class='ocrx_word' id='word_1_174' title='bbox 308 2159 411 2224; x_wconf 89' lang='lat' dir='ltr'><strong>torum,</strong></span> <span class='ocrx_word' id='word_1_175' title='bbox 435 2168 540 2212; x_wconf 86' lang='lat' dir='ltr'><strong>cavum</strong></span> <span class='ocrx_word' id='word_1_176' title='bbox 557 2169 626 2212; x_wconf 87' lang='lat' dir='ltr'><strong>vero</strong></span> <span class='ocrx_word' id='word_1_177' title='bbox 641 2169 678 2213; x_wconf 89' lang='lat' dir='ltr'><strong>ns</strong></span> <span class='ocrx_word' id='word_1_178' title='bbox 694 2151 837 2226; x_wconf 84' lang='lat' dir='ltr'><strong>videatur,</strong></span> <span class='ocrx_word' id='word_1_179' title='bbox 862 2152 1021 2214; x_wconf 90' lang='lat' dir='ltr'><strong>adlinesm</strong></span> <span class='ocrx_word' id='word_1_180' title='bbox 1038 2152 1224 2229; x_wconf 86' lang='lat' dir='ltr'><strong>cogitandam</strong></span> <span class='ocrx_word' id='word_1_181' title='bbox 1239 2154 1394 2227; x_wconf 89' lang='lat' dir='ltr'><strong>requiritur</strong></span> <span class='ocrx_word' id='word_1_182' title='bbox 1409 2153 1540 2227; x_wconf 87' lang='lat' dir='ltr'><strong>cogitata</strong></span> <span class='ocrx_word' id='word_1_183' title='bbox 1554 2165 1650 2225; x_wconf 88' lang='lat' dir='ltr'><strong>auper-</strong></span> 
     </span>
     <span class='ocr_line' id='line_1_20' title="bbox 312 2236 1651 2317; baseline -0.001 -21"><span class='ocrx_word' id='word_1_184' title='bbox 312 2237 392 2298; x_wconf 85' lang='lat' dir='ltr'><strong>ficies</strong></span> <span class='ocrx_word' id='word_1_185' title='bbox 417 2247 468 2299; x_wconf 87' lang='lat' dir='ltr'><strong>aut</strong></span> <span class='ocrx_word' id='word_1_186' title='bbox 490 2257 604 2316; x_wconf 90' lang='lat' dir='ltr'><strong>corpus,</strong></span> <span class='ocrx_word' id='word_1_187' title='bbox 629 2257 704 2315; x_wconf 91' lang='lat' dir='ltr'><strong>quae</strong></span> <span class='ocrx_word' id='word_1_188' title='bbox 726 2239 833 2300; x_wconf 87' lang='lat' dir='ltr'><strong>lincam</strong></span> <span class='ocrx_word' id='word_1_189' title='bbox 857 2241 1013 2317; x_wconf 81' lang='lat' dir='ltr'><strong>excipiant.</strong></span> <span class='ocrx_word' id='word_1_190' title='bbox 1050 2238 1220 2316; x_wconf 86' lang='lat' dir='ltr'><strong>Respondet</strong></span> <span class='ocrx_word' id='word_1_191' title='bbox 1242 2237 1331 2314; x_wconf 89' lang='lat' dir='ltr'><strong>igitur</strong></span> <span class='ocrx_word' id='word_1_192' title='bbox 1353 2241 1461 2298; x_wconf 87' lang='lat' dir='ltr'><strong>creatio</strong></span> <span class='ocrx_word' id='word_1_193' title='bbox 1485 2236 1582 2297; x_wconf 89' lang='lat' dir='ltr'><strong>lineae</strong></span> <span class='ocrx_word' id='word_1_194' title='bbox 1601 2251 1651 2311; x_wconf 87' lang='lat' dir='ltr'><strong>gs·</strong></span> 
     </span>
     <span class='ocr_line' id='line_1_21' title="bbox 310 2325 1653 2403; baseline -0.003 -20"><span class='ocrx_word' id='word_1_195' title='bbox 310 2328 454 2385; x_wconf 91' lang='lat' dir='ltr'><strong>nerationi</strong></span> <span class='ocrx_word' id='word_1_196' title='bbox 477 2329 592 2403; x_wconf 91' lang='lat' dir='ltr'><strong>puncti,</strong></span> <span class='ocrx_word' id='word_1_197' title='bbox 622 2336 655 2386; x_wconf 90' lang='lat' dir='ltr'><strong>ut</strong></span> <span class='ocrx_word' id='word_1_198' title='bbox 676 2326 789 2386; x_wconf 87' lang='lat' dir='ltr'><strong>finitum</strong></span> <span class='ocrx_word' id='word_1_199' title='bbox 812 2327 934 2386; x_wconf 84' lang='lat' dir='ltr'><strong>infinito.</strong></span> <span class='ocrx_word' id='word_1_200' title='bbox 980 2327 1160 2386; x_wconf 86' lang='lat' dir='ltr'><strong>Concurrunt</strong></span> <span class='ocrx_word' id='word_1_201' title='bbox 1189 2327 1278 2402; x_wconf 86' lang='lat' dir='ltr'><strong>igitur</strong></span> <span class='ocrx_word' id='word_1_202' title='bbox 1299 2325 1337 2385; x_wconf 91' lang='lat' dir='ltr'><strong>sd</strong></span> <span class='ocrx_word' id='word_1_203' title='bbox 1361 2332 1456 2384; x_wconf 90' lang='lat' dir='ltr'><strong>ortum</strong></span> <span class='ocrx_word' id='word_1_204' title='bbox 1477 2325 1575 2385; x_wconf 88' lang='lat' dir='ltr'><strong>lineae</strong></span> <span class='ocrx_word' id='word_1_205' title='bbox 1596 2325 1653 2382; x_wconf 91' lang='lat' dir='ltr'><strong>siu·</strong></span> 
     </span>
     <span class='ocr_line' id='line_1_22' title="bbox 309 2408 1653 2491; baseline -0.004 -19"><span class='ocrx_word' id='word_1_206' title='bbox 309 2412 380 2490; x_wconf 90' lang='lat' dir='ltr'><strong>gula</strong></span> <span class='ocrx_word' id='word_1_207' title='bbox 403 2415 432 2472; x_wconf 91' lang='lat' dir='ltr'><strong>in</strong></span> <span class='ocrx_word' id='word_1_208' title='bbox 461 2414 600 2491; x_wconf 88' lang='lat' dir='ltr'><strong>sphaera:</strong></span> <span class='ocrx_word' id='word_1_209' title='bbox 631 2423 788 2490; x_wconf 89' lang='lat' dir='ltr'><strong>puuctum,</strong></span> <span class='ocrx_word' id='word_1_210' title='bbox 818 2417 907 2474; x_wconf 79' lang='lat' dir='ltr'><strong>cenni</strong></span> <span class='ocrx_word' id='word_1_211' title='bbox 929 2415 1118 2491; x_wconf 88' lang='lat' dir='ltr'><strong>principium,</strong></span> <span class='ocrx_word' id='word_1_212' title='bbox 1149 2422 1289 2490; x_wconf 91' lang='lat' dir='ltr'><strong>punctum</strong></span> <span class='ocrx_word' id='word_1_213' title='bbox 1317 2415 1399 2472; x_wconf 85' lang='lat' dir='ltr'><strong>curvi</strong></span> <span class='ocrx_word' id='word_1_214' title='bbox 1421 2414 1580 2490; x_wconf 85' lang='lat' dir='ltr'><strong>terminus,</strong></span> <span class='ocrx_word' id='word_1_215' title='bbox 1610 2408 1653 2467; x_wconf 94' lang='lat' dir='ltr'><strong>di-</strong></span> 
     </span>
     <span class='ocr_line' id='line_1_23' title="bbox 312 2500 1655 2580; baseline -0.003 -22"><span class='ocrx_word' id='word_1_216' title='bbox 312 2502 429 2574; x_wconf 87' lang='lat' dir='ltr'><strong>stantia,</strong></span> <span class='ocrx_word' id='word_1_217' title='bbox 452 2517 504 2577; x_wconf 88' lang='lat' dir='ltr'><strong>pro</strong></span> <span class='ocrx_word' id='word_1_218' title='bbox 528 2500 715 2577; x_wconf 90' lang='lat' dir='ltr'><strong>producenda</strong></span> <span class='ocrx_word' id='word_1_219' title='bbox 738 2511 767 2561; x_wconf 90' lang='lat' dir='ltr'><strong>et</strong></span> <span class='ocrx_word' id='word_1_220' title='bbox 790 2502 976 2562; x_wconf 89' lang='lat' dir='ltr'><strong>essentianda</strong></span> <span class='ocrx_word' id='word_1_221' title='bbox 1005 2501 1093 2563; x_wconf 85' lang='lat' dir='ltr'><strong>linea.</strong></span> <span class='ocrx_word' id='word_1_222' title='bbox 1138 2501 1233 2580; x_wconf 82' lang='lat' dir='ltr'><strong>Igitur</strong></span> <span class='ocrx_word' id='word_1_223' title='bbox 1253 2517 1312 2561; x_wconf 93' lang='lat' dir='ltr'><strong>non</strong></span> <span class='ocrx_word' id='word_1_224' title='bbox 1335 2517 1367 2559; x_wconf 93' lang='lat' dir='ltr'><strong>se</strong></span> <span class='ocrx_word' id='word_1_225' title='bbox 1394 2501 1476 2576; x_wconf 88' lang='lat' dir='ltr'><strong>ipsas</strong></span> <span class='ocrx_word' id='word_1_226' title='bbox 1505 2501 1655 2561; x_wconf 88' lang='lat' dir='ltr'><strong>terminant</strong></span> 
     </span>
    </p>

    <p class='ocr_par' dir='ltr' id='par_1_8' title="bbox 310 2588 1023 2665">
     <span class='ocr_line' id='line_1_24' title="bbox 310 2588 1023 2665; baseline 0.007 -20"><span class='ocrx_word' id='word_1_227' title='bbox 310 2595 416 2661; x_wconf 88' lang='lat' dir='ltr'><strong>rectae,</strong></span> <span class='ocrx_word' id='word_1_228' title='bbox 440 2605 493 2648; x_wconf 89' lang='lat' dir='ltr'><strong>nee</strong></span> <span class='ocrx_word' id='word_1_229' title='bbox 515 2590 614 2648; x_wconf 90' lang='lat' dir='ltr'><strong>statim</strong></span> <span class='ocrx_word' id='word_1_230' title='bbox 638 2590 731 2647; x_wconf 92' lang='lat' dir='ltr'><strong>omnis</strong></span> <span class='ocrx_word' id='word_1_231' title='bbox 754 2596 833 2648; x_wconf 87' lang='lat' dir='ltr'><strong>recta</strong></span> <span class='ocrx_word' id='word_1_232' title='bbox 855 2588 948 2665; x_wconf 88' lang='lat' dir='ltr'><strong>ligura</strong></span> <span class='ocrx_word' id='word_1_233' title='bbox 971 2597 1023 2652; x_wconf 89' lang='lat' dir='ltr'><strong>est.</strong></span> 
     </span>
    </p>

    <p class='ocr_par' dir='ltr' id='par_1_9' title="bbox 310 2670 1654 2841">
     <span class='ocr_line' id='line_1_25' title="bbox 417 2670 1654 2753; baseline -0.002 -20"><span class='ocrx_word' id='word_1_234' title='bbox 417 2674 635 2751; x_wconf 88' lang='lat' dir='ltr'><strong>Dubitabimus,</strong></span> <span class='ocrx_word' id='word_1_235' title='bbox 659 2693 696 2735; x_wconf 89' lang='lat' dir='ltr'><strong>sn</strong></span> <span class='ocrx_word' id='word_1_236' title='bbox 719 2675 796 2736; x_wconf 90' lang='lat' dir='ltr'><strong>linas</strong></span> <span class='ocrx_word' id='word_1_237' title='bbox 811 2678 839 2734; x_wconf 92' lang='lat' dir='ltr'><strong>in</strong></span> <span class='ocrx_word' id='word_1_238' title='bbox 856 2675 1016 2753; x_wconf 86' lang='lat' dir='ltr'><strong>superficie,</strong></span> <span class='ocrx_word' id='word_1_239' title='bbox 1040 2674 1207 2752; x_wconf 87' lang='lat' dir='ltr'><strong>superficies</strong></span> <span class='ocrx_word' id='word_1_240' title='bbox 1224 2675 1253 2734; x_wconf 91' lang='lat' dir='ltr'><strong>in</strong></span> <span class='ocrx_word' id='word_1_241' title='bbox 1268 2690 1389 2750; x_wconf 90' lang='lat' dir='ltr'><strong>corpore</strong></span> <span class='ocrx_word' id='word_1_242' title='bbox 1402 2675 1441 2733; x_wconf 89' lang='lat' dir='ltr'><strong>sit</strong></span> <span class='ocrx_word' id='word_1_243' title='bbox 1456 2670 1654 2749; x_wconf 87' lang='lat' dir='ltr'><strong>intelligenda,</strong></span> 
     </span>
     <span class='ocr_line' id='line_1_26' title="bbox 310 2761 1419 2841; baseline -0.003 -18"><span class='ocrx_word' id='word_1_244' title='bbox 310 2778 348 2823; x_wconf 91' lang='lat' dir='ltr'><strong>sn</strong></span> <span class='ocrx_word' id='word_1_245' title='bbox 370 2761 457 2837; x_wconf 91' lang='lat' dir='ltr'><strong>lines,</strong></span> <span class='ocrx_word' id='word_1_246' title='bbox 479 2763 656 2840; x_wconf 88' lang='lat' dir='ltr'><strong>superficies,</strong></span> <span class='ocrx_word' id='word_1_247' title='bbox 680 2779 783 2840; x_wconf 90' lang='lat' dir='ltr'><strong>corpus</strong></span> <span class='ocrx_word' id='word_1_248' title='bbox 806 2764 923 2840; x_wconf 89' lang='lat' dir='ltr'><strong>singula</strong></span> <span class='ocrx_word' id='word_1_249' title='bbox 943 2781 995 2841; x_wconf 88' lang='lat' dir='ltr'><strong>per</strong></span> <span class='ocrx_word' id='word_1_250' title='bbox 1017 2762 1073 2823; x_wconf 79' lang='lat' dir='ltr'><strong>se?</strong></span> <span class='ocrx_word' id='word_1_251' title='bbox 1109 2762 1174 2823; x_wconf 88' lang='lat' dir='ltr'><strong>Hoc</strong></span> <span class='ocrx_word' id='word_1_252' title='bbox 1195 2765 1289 2839; x_wconf 90' lang='lat' dir='ltr'><strong>magis</strong></span> <span class='ocrx_word' id='word_1_253' title='bbox 1312 2762 1419 2839; x_wconf 88' lang='lat' dir='ltr'><strong>placet.</strong></span> 
     </span>
    </p>

    <p class='ocr_par' dir='ltr' id='par_1_10' title="bbox 310 2841 1657 3538">
     <span class='ocr_line' id='line_1_27' title="bbox 414 2841 1656 2928; baseline -0.004 -20"><span class='ocrx_word' id='word_1_254' title='bbox 414 2849 469 2909; x_wconf 88' lang='lat' dir='ltr'><strong>De</strong></span> <span class='ocrx_word' id='word_1_255' title='bbox 492 2852 727 2927; x_wconf 89' lang='lat' dir='ltr'><strong>compositis.</strong></span> <span class='ocrx_word' id='word_1_256' title='bbox 758 2849 929 2928; x_wconf 82' lang='lat' dir='ltr'><strong>Composita</strong></span> <span class='ocrx_word' id='word_1_257' title='bbox 950 2849 1150 2927; x_wconf 80' lang='lat' dir='ltr'><strong>intelligimus,</strong></span> <span class='ocrx_word' id='word_1_258' title='bbox 1174 2867 1297 2927; x_wconf 88' lang='lat' dir='ltr'><strong>quorum</strong></span> <span class='ocrx_word' id='word_1_259' title='bbox 1320 2841 1420 2925; x_wconf 85' lang='lat' dir='ltr'><strong>anguli</strong></span> <span class='ocrx_word' id='word_1_260' title='bbox 1437 2864 1539 2908; x_wconf 91' lang='lat' dir='ltr'><strong>omnes</strong></span> <span class='ocrx_word' id='word_1_261' title='bbox 1562 2846 1656 2907; x_wconf 70' lang='lat' dir='ltr'><strong>duln-</strong></span> 
     </span>
     <span class='ocr_line' id='line_1_28' title="bbox 310 2932 1656 3015; baseline -0.004 -17"><span class='ocrx_word' id='word_1_262' title='bbox 310 2939 373 2998; x_wconf 89' lang='lat' dir='ltr'><strong>buti</strong></span> <span class='ocrx_word' id='word_1_263' title='bbox 396 2946 465 2997; x_wconf 92' lang='lat' dir='ltr'><strong>sunt</strong></span> <span class='ocrx_word' id='word_1_264' title='bbox 488 2940 562 2997; x_wconf 91' lang='lat' dir='ltr'><strong>inter</strong></span> <span class='ocrx_word' id='word_1_265' title='bbox 585 2936 709 3014; x_wconf 89' lang='lat' dir='ltr'><strong>angulos</strong></span> <span class='ocrx_word' id='word_1_266' title='bbox 731 2938 940 3015; x_wconf 89' lang='lat' dir='ltr'><strong>triangulorum</strong></span> <span class='ocrx_word' id='word_1_267' title='bbox 964 2940 1198 3015; x_wconf 87' lang='lat' dir='ltr'><strong>componentium</strong></span> <span class='ocrx_word' id='word_1_268' title='bbox 1221 2944 1251 2996; x_wconf 90' lang='lat' dir='ltr'><strong>et</strong></span> <span class='ocrx_word' id='word_1_269' title='bbox 1273 2938 1411 2996; x_wconf 85' lang='lat' dir='ltr'><strong>vicissim.</strong></span> <span class='ocrx_word' id='word_1_270' title='bbox 1446 2932 1656 3011; x_wconf 84' lang='lat' dir='ltr'><strong>Quadranguls</strong></span> 
     </span>
     <span class='ocr_line' id='line_1_29' title="bbox 312 3023 1657 3103; baseline -0.004 -19"><span class='ocrx_word' id='word_1_271' title='bbox 312 3027 410 3086; x_wconf 91' lang='lat' dir='ltr'><strong>omnia</strong></span> <span class='ocrx_word' id='word_1_272' title='bbox 434 3026 570 3101; x_wconf 86' lang='lat' dir='ltr'><strong>quamvis</strong></span> <span class='ocrx_word' id='word_1_273' title='bbox 592 3024 747 3084; x_wconf 85' lang='lat' dir='ltr'><strong>videantur</strong></span> <span class='ocrx_word' id='word_1_274' title='bbox 769 3025 826 3085; x_wconf 90' lang='lat' dir='ltr'><strong>huc</strong></span> <span class='ocrx_word' id='word_1_275' title='bbox 841 3026 939 3085; x_wconf 87' lang='lat' dir='ltr'><strong>relcrrl</strong></span> <span class='ocrx_word' id='word_1_276' title='bbox 953 3043 1050 3103; x_wconf 91' lang='lat' dir='ltr'><strong>posse,</strong></span> <span class='ocrx_word' id='word_1_277' title='bbox 1074 3033 1171 3085; x_wconf 86' lang='lat' dir='ltr'><strong>tamen</strong></span> <span class='ocrx_word' id='word_1_278' title='bbox 1186 3023 1339 3101; x_wconf 86' lang='lat' dir='ltr'><strong>triangulis</strong></span> <span class='ocrx_word' id='word_1_279' title='bbox 1354 3025 1453 3100; x_wconf 87' lang='lat' dir='ltr'><strong>priora</strong></span> <span class='ocrx_word' id='word_1_280' title='bbox 1470 3029 1548 3098; x_wconf 89' lang='lat' dir='ltr'><strong>sunt,</strong></span> <span class='ocrx_word' id='word_1_281' title='bbox 1572 3036 1657 3098; x_wconf 89' lang='lat' dir='ltr'><strong>quara</strong></span> 
     </span>
     <span class='ocr_line' id='line_1_30' title="bbox 310 3109 1656 3190; baseline -0.004 -20"><span class='ocrx_word' id='word_1_282' title='bbox 310 3114 415 3183; x_wconf 90' lang='lat' dir='ltr'><strong>missis,</strong></span> <span class='ocrx_word' id='word_1_283' title='bbox 439 3131 515 3190; x_wconf 91' lang='lat' dir='ltr'><strong>quse</strong></span> <span class='ocrx_word' id='word_1_284' title='bbox 537 3114 670 3190; x_wconf 88' lang='lat' dir='ltr'><strong>generari</strong></span> <span class='ocrx_word' id='word_1_285' title='bbox 693 3119 817 3188; x_wconf 88' lang='lat' dir='ltr'><strong>possunt</strong></span> <span class='ocrx_word' id='word_1_286' title='bbox 838 3130 872 3173; x_wconf 85' lang='lat' dir='ltr'><strong>ox</strong></span> <span class='ocrx_word' id='word_1_287' title='bbox 894 3113 1039 3172; x_wconf 90' lang='lat' dir='ltr'><strong>similibus</strong></span> <span class='ocrx_word' id='word_1_288' title='bbox 1054 3113 1216 3189; x_wconf 90' lang='lat' dir='ltr'><strong>composita</strong></span> <span class='ocrx_word' id='word_1_289' title='bbox 1238 3111 1401 3187; x_wconf 86' lang='lat' dir='ltr'><strong>triangulis,</strong></span> <span class='ocrx_word' id='word_1_290' title='bbox 1424 3112 1551 3187; x_wconf 89' lang='lat' dir='ltr'><strong>primum</strong></span> <span class='ocrx_word' id='word_1_291' title='bbox 1574 3109 1656 3166; x_wconf 93' lang='lat' dir='ltr'><strong>nobis</strong></span> 
     </span>
     <span class='ocr_line' id='line_1_31' title="bbox 312 3193 1657 3278; baseline -0.004 -19"><span class='ocrx_word' id='word_1_292' title='bbox 312 3201 504 3278; x_wconf 90' lang='lat' dir='ltr'><strong>compositum</strong></span> <span class='ocrx_word' id='word_1_293' title='bbox 532 3198 721 3278; x_wconf 87' lang='lat' dir='ltr'><strong>suppeditant</strong></span> <span class='ocrx_word' id='word_1_294' title='bbox 753 3199 822 3259; x_wconf 88' lang='lat' dir='ltr'><strong>bina</strong></span> <span class='ocrx_word' id='word_1_295' title='bbox 852 3199 998 3278; x_wconf 88' lang='lat' dir='ltr'><strong>triangula</strong></span> <span class='ocrx_word' id='word_1_296' title='bbox 1019 3200 1188 3274; x_wconf 86' lang='lat' dir='ltr'><strong>dissimilis,</strong></span> <span class='ocrx_word' id='word_1_297' title='bbox 1220 3216 1279 3259; x_wconf 94' lang='lat' dir='ltr'><strong>uno</strong></span> <span class='ocrx_word' id='word_1_298' title='bbox 1308 3198 1400 3258; x_wconf 88' lang='lat' dir='ltr'><strong>latere</strong></span> <span class='ocrx_word' id='word_1_299' title='bbox 1423 3214 1530 3274; x_wconf 90' lang='lat' dir='ltr'><strong>aequa.</strong></span> <span class='ocrx_word' id='word_1_300' title='bbox 1576 3193 1657 3257; x_wconf 89' lang='lat' dir='ltr'><strong>Unde</strong></span> 
     </span>
     <span class='ocr_line' id='line_1_32' title="bbox 313 3285 1657 3364; baseline -0.001 -20"><span class='ocrx_word' id='word_1_301' title='bbox 313 3288 400 3346; x_wconf 89' lang='lat' dir='ltr'><strong>nobis</strong></span> <span class='ocrx_word' id='word_1_302' title='bbox 422 3289 592 3364; x_wconf 82' lang='lat' dir='ltr'><strong>trapezium,</strong></span> <span class='ocrx_word' id='word_1_303' title='bbox 616 3286 695 3363; x_wconf 92' lang='lat' dir='ltr'><strong>quod</strong></span> <span class='ocrx_word' id='word_1_304' title='bbox 719 3285 835 3363; x_wconf 87' lang='lat' dir='ltr'><strong>quidem</strong></span> <span class='ocrx_word' id='word_1_305' title='bbox 856 3303 914 3346; x_wconf 92' lang='lat' dir='ltr'><strong>nou</strong></span> <span class='ocrx_word' id='word_1_306' title='bbox 938 3286 1053 3347; x_wconf 84' lang='lat' dir='ltr'><strong>videtur</strong></span> <span class='ocrx_word' id='word_1_307' title='bbox 1075 3286 1113 3346; x_wconf 94' lang='lat' dir='ltr'><strong>ad</strong></span> <span class='ocrx_word' id='word_1_308' title='bbox 1128 3288 1318 3364; x_wconf 87' lang='lat' dir='ltr'><strong>geometriam</strong></span> <span class='ocrx_word' id='word_1_309' title='bbox 1340 3289 1384 3346; x_wconf 91' lang='lat' dir='ltr'><strong>sie</strong></span> <span class='ocrx_word' id='word_1_310' title='bbox 1405 3285 1580 3362; x_wconf 86' lang='lat' dir='ltr'><strong>simpliciter</strong></span> <span class='ocrx_word' id='word_1_311' title='bbox 1593 3299 1657 3360; x_wconf 88' lang='lat' dir='ltr'><strong>pcr-</strong></span> 
     </span>
     <span class='ocr_line' id='line_1_33' title="bbox 315 3372 1657 3451; baseline -0.002 -18"><span class='ocrx_word' id='word_1_312' title='bbox 315 3377 415 3448; x_wconf 89' lang='lat' dir='ltr'><strong>tinera,</strong></span> <span class='ocrx_word' id='word_1_313' title='bbox 439 3376 495 3434; x_wconf 90' lang='lat' dir='ltr'><strong>nisi</strong></span> <span class='ocrx_word' id='word_1_314' title='bbox 520 3373 605 3447; x_wconf 91' lang='lat' dir='ltr'><strong>illud,</strong></span> <span class='ocrx_word' id='word_1_315' title='bbox 634 3372 712 3450; x_wconf 90' lang='lat' dir='ltr'><strong>quod</strong></span> <span class='ocrx_word' id='word_1_316' title='bbox 736 3374 843 3434; x_wconf 90' lang='lat' dir='ltr'><strong>circulo</strong></span> <span class='ocrx_word' id='word_1_317' title='bbox 864 3381 962 3451; x_wconf 89' lang='lat' dir='ltr'><strong>potest</strong></span> <span class='ocrx_word' id='word_1_318' title='bbox 984 3375 1110 3434; x_wconf 87' lang='lat' dir='ltr'><strong>inscribi.</strong></span> <span class='ocrx_word' id='word_1_319' title='bbox 1156 3372 1229 3434; x_wconf 90' lang='lat' dir='ltr'><strong>Post</strong></span> <span class='ocrx_word' id='word_1_320' title='bbox 1251 3372 1521 3451; x_wconf 87' lang='lat' dir='ltr'><strong>quinquangulum,</strong></span> <span class='ocrx_word' id='word_1_321' title='bbox 1552 3387 1657 3432; x_wconf 81' lang='lat' dir='ltr'><strong>seran-</strong></span> 
     </span>
     <span class='ocr_line' id='line_1_34' title="bbox 311 3460 808 3538; baseline -0.004 -18"><span class='ocrx_word' id='word_1_322' title='bbox 311 3461 413 3538; x_wconf 87' lang='lat' dir='ltr'><strong>gulum</strong></span> <span class='ocrx_word' id='word_1_323' title='bbox 436 3469 466 3522; x_wconf 88' lang='lat' dir='ltr'><strong>et</strong></span> <span class='ocrx_word' id='word_1_324' title='bbox 488 3478 581 3538; x_wconf 92' lang='lat' dir='ltr'><strong>usque</strong></span> <span class='ocrx_word' id='word_1_325' title='bbox 604 3464 634 3519; x_wconf 92' lang='lat' dir='ltr'><strong>iu</strong></span> <span class='ocrx_word' id='word_1_326' title='bbox 656 3460 808 3520; x_wconf 89' lang='lat' dir='ltr'><strong>inlinitum.</strong></span> 
     </span>
    </p>

    <p class='ocr_par' dir='ltr' id='par_1_11' title="bbox 311 3541 1659 3974">
     <span class='ocr_line' id='line_1_35' title="bbox 413 3541 1657 3625; baseline -0.002 -18"><span class='ocrx_word' id='word_1_327' title='bbox 413 3546 529 3624; x_wconf 85' lang='lat' dir='ltr'><strong>Regula</strong></span> <span class='ocrx_word' id='word_1_328' title='bbox 543 3547 701 3625; x_wconf 87' lang='lat' dir='ltr'><strong>generalis:</strong></span> <span class='ocrx_word' id='word_1_329' title='bbox 725 3549 887 3624; x_wconf 89' lang='lat' dir='ltr'><strong>composita</strong></span> <span class='ocrx_word' id='word_1_330' title='bbox 900 3549 998 3607; x_wconf 87' lang='lat' dir='ltr'><strong>omnia</strong></span> <span class='ocrx_word' id='word_1_331' title='bbox 1013 3554 1057 3607; x_wconf 93' lang='lat' dir='ltr'><strong>tot</strong></span> <span class='ocrx_word' id='word_1_332' title='bbox 1070 3547 1180 3608; x_wconf 86' lang='lat' dir='ltr'><strong>habent</strong></span> <span class='ocrx_word' id='word_1_333' title='bbox 1196 3547 1351 3624; x_wconf 89' lang='lat' dir='ltr'><strong>triangula,</strong></span> <span class='ocrx_word' id='word_1_334' title='bbox 1376 3555 1448 3625; x_wconf 89' lang='lat' dir='ltr'><strong>quot</strong></span> <span class='ocrx_word' id='word_1_335' title='bbox 1463 3545 1537 3623; x_wconf 88' lang='lat' dir='ltr'><strong>(duo</strong></span> <span class='ocrx_word' id='word_1_336' title='bbox 1552 3541 1657 3624; x_wconf 82' lang='lat' dir='ltr'><strong>minus)</strong></span> 
     </span>
     <span class='ocr_line' id='line_1_36' title="bbox 312 3632 1659 3712; baseline -0.001 -18"><span class='ocrx_word' id='word_1_337' title='bbox 312 3634 412 3695; x_wconf 88' lang='lat' dir='ltr'><strong>latera.</strong></span> <span class='ocrx_word' id='word_1_338' title='bbox 450 3632 532 3696; x_wconf 90' lang='lat' dir='ltr'><strong>Inest</strong></span> <span class='ocrx_word' id='word_1_339' title='bbox 554 3635 627 3696; x_wconf 88' lang='lat' dir='ltr'><strong>haec</strong></span> <span class='ocrx_word' id='word_1_340' title='bbox 649 3633 820 3710; x_wconf 84' lang='lat' dir='ltr'><strong>differentia,</strong></span> <span class='ocrx_word' id='word_1_341' title='bbox 844 3634 922 3710; x_wconf 90' lang='lat' dir='ltr'><strong>quod</strong></span> <span class='ocrx_word' id='word_1_342' title='bbox 945 3637 975 3694; x_wconf 92' lang='lat' dir='ltr'><strong>iu</strong></span> <span class='ocrx_word' id='word_1_343' title='bbox 997 3633 1120 3711; x_wconf 90' lang='lat' dir='ltr'><strong>singulis</strong></span> <span class='ocrx_word' id='word_1_344' title='bbox 1142 3636 1297 3712; x_wconf 88' lang='lat' dir='ltr'><strong>speciebus</strong></span> <span class='ocrx_word' id='word_1_345' title='bbox 1313 3652 1402 3694; x_wconf 90' lang='lat' dir='ltr'><strong>unum</strong></span> <span class='ocrx_word' id='word_1_346' title='bbox 1426 3637 1503 3694; x_wconf 88' lang='lat' dir='ltr'><strong>inest</strong></span> <span class='ocrx_word' id='word_1_347' title='bbox 1525 3632 1659 3710; x_wconf 89' lang='lat' dir='ltr'><strong>aequila-</strong></span> 
     </span>
     <span class='ocr_line' id='line_1_37' title="bbox 312 3721 1659 3800; baseline -0.002 -19"><span class='ocrx_word' id='word_1_348' title='bbox 312 3730 403 3783; x_wconf 89' lang='lat' dir='ltr'><strong>terum</strong></span> <span class='ocrx_word' id='word_1_349' title='bbox 428 3729 457 3783; x_wconf 86' lang='lat' dir='ltr'><strong>et</strong></span> <span class='ocrx_word' id='word_1_350' title='bbox 478 3723 714 3800; x_wconf 88' lang='lat' dir='ltr'><strong>aequiangulum,</strong></span> <span class='ocrx_word' id='word_1_351' title='bbox 739 3739 814 3800; x_wconf 87' lang='lat' dir='ltr'><strong>quae</strong></span> <span class='ocrx_word' id='word_1_352' title='bbox 837 3725 924 3781; x_wconf 90' lang='lat' dir='ltr'><strong>etiam</strong></span> <span class='ocrx_word' id='word_1_353' title='bbox 948 3739 1015 3783; x_wconf 86' lang='lat' dir='ltr'><strong>vere</strong></span> <span class='ocrx_word' id='word_1_354' title='bbox 1037 3724 1215 3798; x_wconf 86' lang='lat' dir='ltr'><strong>geometrica</strong></span> <span class='ocrx_word' id='word_1_355' title='bbox 1237 3730 1322 3798; x_wconf 89' lang='lat' dir='ltr'><strong>sunt,</strong></span> <span class='ocrx_word' id='word_1_356' title='bbox 1346 3721 1493 3798; x_wconf 91' lang='lat' dir='ltr'><strong>quaedam</strong></span> <span class='ocrx_word' id='word_1_357' title='bbox 1516 3737 1588 3780; x_wconf 84' lang='lat' dir='ltr'><strong>vero</strong></span> <span class='ocrx_word' id='word_1_358' title='bbox 1611 3727 1659 3780; x_wconf 91' lang='lat' dir='ltr'><strong>sut</strong></span> 
     </span>
     <span class='ocr_line' id='line_1_38' title="bbox 311 3808 1658 3887; baseline -0.003 -19"><span class='ocrx_word' id='word_1_359' title='bbox 311 3827 369 3870; x_wconf 90' lang='lat' dir='ltr'><strong>non</strong></span> <span class='ocrx_word' id='word_1_360' title='bbox 393 3809 575 3887; x_wconf 89' lang='lat' dir='ltr'><strong>aequilatera</strong></span> <span class='ocrx_word' id='word_1_361' title='bbox 603 3818 655 3869; x_wconf 92' lang='lat' dir='ltr'><strong>sut</strong></span> <span class='ocrx_word' id='word_1_362' title='bbox 675 3827 734 3869; x_wconf 92' lang='lat' dir='ltr'><strong>nou</strong></span> <span class='ocrx_word' id='word_1_363' title='bbox 753 3809 964 3886; x_wconf 90' lang='lat' dir='ltr'><strong>aequiangula,</strong></span> <span class='ocrx_word' id='word_1_364' title='bbox 996 3817 1047 3868; x_wconf 89' lang='lat' dir='ltr'><strong>aut</strong></span> <span class='ocrx_word' id='word_1_365' title='bbox 1068 3817 1219 3884; x_wconf 90' lang='lat' dir='ltr'><strong>neutrum,</strong></span> <span class='ocrx_word' id='word_1_366' title='bbox 1248 3813 1277 3870; x_wconf 93' lang='lat' dir='ltr'><strong>in</strong></span> <span class='ocrx_word' id='word_1_367' title='bbox 1301 3812 1408 3887; x_wconf 92' lang='lat' dir='ltr'><strong>quibus</strong></span> <span class='ocrx_word' id='word_1_368' title='bbox 1431 3808 1562 3868; x_wconf 83' lang='lat' dir='ltr'><strong>infinitas</strong></span> <span class='ocrx_word' id='word_1_369' title='bbox 1585 3810 1658 3866; x_wconf 91' lang='lat' dir='ltr'><strong>inest</strong></span> 
     </span>
     <span class='ocr_line' id='line_1_39' title="bbox 311 3895 1657 3974; baseline -0.001 -20"><span class='ocrx_word' id='word_1_370' title='bbox 311 3897 459 3957; x_wconf 89' lang='lat' dir='ltr'><strong>influlties.</strong></span> <span class='ocrx_word' id='word_1_371' title='bbox 505 3896 589 3958; x_wconf 89' lang='lat' dir='ltr'><strong>Hace</strong></span> <span class='ocrx_word' id='word_1_372' title='bbox 610 3914 667 3956; x_wconf 92' lang='lat' dir='ltr'><strong>non</strong></span> <span class='ocrx_word' id='word_1_373' title='bbox 691 3905 758 3957; x_wconf 91' lang='lat' dir='ltr'><strong>sunt</strong></span> <span class='ocrx_word' id='word_1_374' title='bbox 780 3913 848 3957; x_wconf 85' lang='lat' dir='ltr'><strong>vere</strong></span> <span class='ocrx_word' id='word_1_375' title='bbox 869 3899 1055 3973; x_wconf 85' lang='lat' dir='ltr'><strong>geometrica,</strong></span> <span class='ocrx_word' id='word_1_376' title='bbox 1079 3914 1155 3974; x_wconf 89' lang='lat' dir='ltr'><strong>quae</strong></span> <span class='ocrx_word' id='word_1_377' title='bbox 1178 3905 1224 3957; x_wconf 88' lang='lat' dir='ltr'><strong>est</strong></span> <span class='ocrx_word' id='word_1_378' title='bbox 1246 3896 1282 3958; x_wconf 91' lang='lat' dir='ltr'><strong>de</strong></span> <span class='ocrx_word' id='word_1_379' title='bbox 1304 3895 1496 3974; x_wconf 84' lang='lat' dir='ltr'><strong>aequalibus,</strong></span> <span class='ocrx_word' id='word_1_380' title='bbox 1520 3896 1567 3955; x_wconf 84' lang='lat' dir='ltr'><strong>luis</strong></span> <span class='ocrx_word' id='word_1_381' title='bbox 1590 3909 1657 3954; x_wconf 86' lang='lat' dir='ltr'><strong>sero</strong></span> 
     </span>
    </p>

    <p class='ocr_par' dir='ltr' id='par_1_12' title="bbox 244 3984 615 4061">
     <span class='ocr_line' id='line_1_40' title="bbox 244 3984 615 4061; baseline -0.005 -18"><span class='ocrx_word' id='word_1_382' title='bbox 244 4023 247 4036; x_wconf 81' lang='lat'>·</span> <span class='ocrx_word' id='word_1_383' title='bbox 312 3984 509 4061; x_wconf 84' lang='lat' dir='ltr'><strong>inaequalitas</strong></span> <span class='ocrx_word' id='word_1_384' title='bbox 532 3987 615 4044; x_wconf 90' lang='lat' dir='ltr'><strong>inest.</strong></span> 
     </span>
    </p>

    <p class='ocr_par' dir='ltr' id='par_1_13' title="bbox 313 4069 1659 4237">
     <span class='ocr_line' id='line_1_41' title="bbox 417 4069 1659 4149; baseline -0.002 -17"><span class='ocrx_word' id='word_1_385' title='bbox 417 4071 571 4147; x_wconf 83' lang='lat' dir='ltr'><strong>Trianguli</strong></span> <span class='ocrx_word' id='word_1_386' title='bbox 592 4071 684 4131; x_wconf 89' lang='lat' dir='ltr'><strong>tribus</strong></span> <span class='ocrx_word' id='word_1_387' title='bbox 706 4069 791 4130; x_wconf 91' lang='lat' dir='ltr'><strong>lineis</strong></span> <span class='ocrx_word' id='word_1_388' title='bbox 813 4071 898 4146; x_wconf 90' lang='lat' dir='ltr'><strong>datis,</strong></span> <span class='ocrx_word' id='word_1_389' title='bbox 922 4072 1008 4131; x_wconf 88' lang='lat' dir='ltr'><strong>unios</strong></span> <span class='ocrx_word' id='word_1_390' title='bbox 1023 4077 1135 4131; x_wconf 87' lang='lat' dir='ltr'><strong>tantum</strong></span> <span class='ocrx_word' id='word_1_391' title='bbox 1153 4070 1247 4147; x_wconf 86' lang='lat' dir='ltr'><strong>figura</strong></span> <span class='ocrx_word' id='word_1_392' title='bbox 1261 4079 1291 4132; x_wconf 89' lang='lat' dir='ltr'><strong>ot</strong></span> <span class='ocrx_word' id='word_1_393' title='bbox 1304 4087 1365 4132; x_wconf 90' lang='lat' dir='ltr'><strong>una</strong></span> <span class='ocrx_word' id='word_1_394' title='bbox 1379 4069 1556 4149; x_wconf 89' lang='lat' dir='ltr'><strong>angulorum</strong></span> <span class='ocrx_word' id='word_1_395' title='bbox 1571 4071 1659 4130; x_wconf 85' lang='lat' dir='ltr'><strong>iorms</strong></span> 
     </span>
     <span class='ocr_line' id='line_1_42' title="bbox 313 4157 1621 4237; baseline 0.002 -19"><span class='ocrx_word' id='word_1_396' title='bbox 313 4158 405 4220; x_wconf 85' lang='lat' dir='ltr'><strong>datur.</strong></span> <span class='ocrx_word' id='word_1_397' title='bbox 454 4158 493 4218; x_wconf 80' lang='lat' dir='ltr'><strong>At</strong></span> <span class='ocrx_word' id='word_1_398' title='bbox 515 4161 544 4216; x_wconf 95' lang='lat' dir='ltr'><strong>in</strong></span> <span class='ocrx_word' id='word_1_399' title='bbox 566 4157 687 4235; x_wconf 89' lang='lat' dir='ltr'><strong>reliquls</strong></span> <span class='ocrx_word' id='word_1_400' title='bbox 709 4161 835 4218; x_wconf 90' lang='lat' dir='ltr'><strong>minime.</strong></span> <span class='ocrx_word' id='word_1_401' title='bbox 879 4157 974 4218; x_wconf 90' lang='lat' dir='ltr'><strong>Plana</strong></span> <span class='ocrx_word' id='word_1_402' title='bbox 996 4158 1105 4218; x_wconf 88' lang='lat' dir='ltr'><strong>habent</strong></span> <span class='ocrx_word' id='word_1_403' title='bbox 1127 4158 1248 4218; x_wconf 89' lang='lat' dir='ltr'><strong>totidem</strong></span> <span class='ocrx_word' id='word_1_404' title='bbox 1272 4159 1398 4237; x_wconf 86' lang='lat' dir='ltr'><strong>ungulos</strong></span> <span class='ocrx_word' id='word_1_405' title='bbox 1421 4166 1495 4235; x_wconf 88' lang='lat' dir='ltr'><strong>quot</strong></span> <span class='ocrx_word' id='word_1_406' title='bbox 1517 4159 1621 4220; x_wconf 85' lang='lat' dir='ltr'><strong>latera.</strong></span> 
     </span>
    </p>

    <p class='ocr_par' dir='ltr' id='par_1_14' title="bbox 311 4244 1705 4568">
     <span class='ocr_line' id='line_1_43' title="bbox 416 4244 1658 4330; baseline -0.001 -24"><span class='ocrx_word' id='word_1_407' title='bbox 416 4244 606 4321; x_wconf 86' lang='lat' dir='ltr'><strong>Regulsrium</strong></span> <span class='ocrx_word' id='word_1_408' title='bbox 628 4245 744 4320; x_wconf 90' lang='lat' dir='ltr'><strong>singuli.</strong></span> <span class='ocrx_word' id='word_1_409' title='bbox 792 4245 925 4322; x_wconf 81' lang='lat' dir='ltr'><strong>Angelus</strong></span> <span class='ocrx_word' id='word_1_410' title='bbox 948 4245 1085 4322; x_wconf 88' lang='lat' dir='ltr'><strong>trianguli</strong></span> <span class='ocrx_word' id='word_1_411' title='bbox 1108 4253 1152 4306; x_wconf 92' lang='lat' dir='ltr'><strong>est</strong></span> <span class='ocrx_word' id='word_1_412' title='bbox 1166 4245 1188 4330; x_wconf 57' lang='grc' dir='ltr'><strong>ξ</strong></span> <span class='ocrx_word' id='word_1_413' title='bbox 1202 4247 1282 4321; x_wconf 89' lang='lat' dir='ltr'><strong>recti,</strong></span> <span class='ocrx_word' id='word_1_414' title='bbox 1307 4246 1502 4324; x_wconf 87' lang='lat' dir='ltr'><strong>quadranguli</strong></span> <span class='ocrx_word' id='word_1_415' title='bbox 1521 4253 1538 4306; x_wconf 90' lang='lat'>1</span> <span class='ocrx_word' id='word_1_416' title='bbox 1556 4255 1658 4318; x_wconf 87' lang='lat' dir='ltr'><strong>rectus,</strong></span> 
     </span>
     <span class='ocr_line' id='line_1_44' title="bbox 311 4331 1705 4418; baseline -0.001 -24"><span class='ocrx_word' id='word_1_417' title='bbox 311 4334 437 4410; x_wconf 89' lang='lat' dir='ltr'><strong>angulus</strong></span> <span class='ocrx_word' id='word_1_418' title='bbox 460 4332 672 4411; x_wconf 87' lang='lat' dir='ltr'><strong>quinquanguli</strong></span> <span class='ocrx_word' id='word_1_419' title='bbox 699 4356 734 4382; x_wconf 99' lang='lat'><strong><em>=</em></strong></span> <span class='ocrx_word' id='word_1_420' title='bbox 756 4331 794 4416; x_wconf 51' lang='lat'><strong>1}</strong></span> <span class='ocrx_word' id='word_1_421' title='bbox 809 4350 846 4405; x_wconf 89' lang='lat' dir='ltr'><strong>r.,</strong></span> <span class='ocrx_word' id='word_1_422' title='bbox 869 4332 1022 4409; x_wconf 87' lang='lat' dir='ltr'><strong>sexanguli</strong></span> <span class='ocrx_word' id='word_1_423' title='bbox 1047 4331 1083 4414; x_wconf 55' lang='lat'><strong>13,</strong></span> <span class='ocrx_word' id='word_1_424' title='bbox 1109 4350 1151 4411; x_wconf 90' lang='lat' dir='ltr'><strong>r.,</strong></span> <span class='ocrx_word' id='word_1_425' title='bbox 1175 4333 1323 4411; x_wconf 89' lang='lat' dir='ltr'><strong>octunguli</strong></span> <span class='ocrx_word' id='word_1_426' title='bbox 1350 4334 1405 4418; x_wconf 61' lang='lat' dir='ltr'><strong>ll,</strong></span> <span class='ocrx_word' id='word_1_427' title='bbox 1430 4331 1589 4412; x_wconf 87' lang='lat' dir='ltr'><strong>deosnguli</strong></span> <span class='ocrx_word' id='word_1_428' title='bbox 1614 4331 1659 4418; x_wconf 65' lang='grc' dir='ltr'><strong>ιξ,</strong></span> <span class='ocrx_word' id='word_1_429' title='bbox 1704 4403 1705 4412; x_wconf 10' lang='grc' dir='ltr'>χ</span> 
     </span>
     <span class='ocr_line' id='line_1_45' title="bbox 312 4417 1705 4509; baseline 0 -29"><span class='ocrx_word' id='word_1_430' title='bbox 312 4419 527 4496; x_wconf 89' lang='lat' dir='ltr'><strong>duodecsnguli</strong></span> <span class='ocrx_word' id='word_1_431' title='bbox 549 4419 598 4503; x_wconf 69' lang='grc' dir='ltr'><strong>ιξ,</strong></span> <span class='ocrx_word' id='word_1_432' title='bbox 622 4417 808 4497; x_wconf 87' lang='lat' dir='ltr'><strong>sedecanguli</strong></span> <span class='ocrx_word' id='word_1_433' title='bbox 833 4419 1100 4503; x_wconf 56' lang='lat' dir='ltr'><strong>1},rigintanguli</strong></span> <span class='ocrx_word' id='word_1_434' title='bbox 1125 4417 1174 4502; x_wconf 59' lang='grc' dir='ltr'><strong>ιζ,</strong></span> <span class='ocrx_word' id='word_1_435' title='bbox 1199 4426 1240 4480; x_wconf 81' lang='lat'><strong>24</strong></span> <span class='ocrx_word' id='word_1_436' title='bbox 1263 4420 1366 4500; x_wconf 88' lang='lat' dir='ltr'><strong>anguli</strong></span> <span class='ocrx_word' id='word_1_437' title='bbox 1392 4420 1432 4509; x_wconf 58' lang='lat'><strong>13</strong></span> <span class='ocrx_word' id='word_1_438' title='bbox 1448 4463 1480 4481; x_wconf 89' lang='lat'><strong>..</strong></span> <span class='ocrx_word' id='word_1_439' title='bbox 1504 4423 1659 4498; x_wconf 75' lang='lat' dir='ltr'><strong>sicutque</strong></span> <span class='ocrx_word' id='word_1_440' title='bbox 1703 4439 1705 4508; x_wconf 76' lang='lat' dir='ltr'>j</span> 
     </span>
     <span class='ocr_line' id='line_1_46' title="bbox 311 4508 518 4568; baseline 0 -1"><span class='ocrx_word' id='word_1_441' title='bbox 311 4510 342 4567; x_wconf 87' lang='lat' dir='ltr'><strong>in</strong></span> <span class='ocrx_word' id='word_1_442' title='bbox 364 4508 518 4568; x_wconf 89' lang='lat' dir='ltr'><strong>infinitum.</strong></span> 
     </span>
    </p>

    <p class='ocr_par' dir='ltr' id='par_1_15' title="bbox 314 4589 1705 4940">
     <span class='ocr_line' id='line_1_47' title="bbox 417 4589 1705 4674; baseline 0.001 -17"><span class='ocrx_word' id='word_1_443' title='bbox 417 4594 618 4671; x_wconf 80' lang='lat' dir='ltr'><strong>Comparatio:</strong></span> <span class='ocrx_word' id='word_1_444' title='bbox 642 4589 735 4652; x_wconf 87' lang='lat' dir='ltr'><strong>Recta</strong></span> <span class='ocrx_word' id='word_1_445' title='bbox 757 4591 853 4652; x_wconf 89' lang='lat' dir='ltr'><strong>adbuc</strong></span> <span class='ocrx_word' id='word_1_446' title='bbox 866 4593 909 4652; x_wconf 90' lang='lat' dir='ltr'><strong>its</strong></span> <span class='ocrx_word' id='word_1_447' title='bbox 922 4592 1047 4667; x_wconf 90' lang='lat' dir='ltr'><strong>luerunt,</strong></span> <span class='ocrx_word' id='word_1_448' title='bbox 1070 4600 1103 4653; x_wconf 89' lang='lat' dir='ltr'><strong>ut</strong></span> <span class='ocrx_word' id='word_1_449' title='bbox 1118 4611 1153 4654; x_wconf 86' lang='lat' dir='ltr'><strong>sx</strong></span> <span class='ocrx_word' id='word_1_450' title='bbox 1167 4601 1278 4672; x_wconf 92' lang='lat' dir='ltr'><strong>puncto</strong></span> <span class='ocrx_word' id='word_1_451' title='bbox 1300 4593 1388 4670; x_wconf 89' lang='lat' dir='ltr'><strong>linea,</strong></span> <span class='ocrx_word' id='word_1_452' title='bbox 1413 4613 1449 4656; x_wconf 86' lang='lat' dir='ltr'><strong>ex</strong></span> <span class='ocrx_word' id='word_1_453' title='bbox 1463 4593 1546 4657; x_wconf 89' lang='lat' dir='ltr'><strong>linea</strong></span> <span class='ocrx_word' id='word_1_454' title='bbox 1559 4613 1659 4674; x_wconf 88' lang='lat' dir='ltr'><strong>super·</strong></span> <span class='ocrx_word' id='word_1_455' title='bbox 1703 4607 1705 4658; x_wconf 71' lang='lat' dir='ltr'><strong>t</strong></span> 
     </span>
     <span class='ocr_line' id='line_1_48' title="bbox 314 4677 1705 4758; baseline 0.003 -18"><span class='ocrx_word' id='word_1_456' title='bbox 314 4679 395 4742; x_wconf 86' lang='lat' dir='ltr'><strong>licias</strong></span> <span class='ocrx_word' id='word_1_457' title='bbox 417 4683 538 4742; x_wconf 88' lang='lat' dir='ltr'><strong>seorsim</strong></span> <span class='ocrx_word' id='word_1_458' title='bbox 561 4687 625 4741; x_wconf 85' lang='lat' dir='ltr'><strong>ortu</strong></span> <span class='ocrx_word' id='word_1_459' title='bbox 647 4683 693 4739; x_wconf 88' lang='lat' dir='ltr'><strong>sit.</strong></span> <span class='ocrx_word' id='word_1_460' title='bbox 739 4677 770 4756; x_wconf 84' lang='grc' dir='ltr'><strong>ι)</strong></span> <span class='ocrx_word' id='word_1_461' title='bbox 791 4678 887 4739; x_wconf 84' lang='lat' dir='ltr'><strong>Mixts</strong></span> <span class='ocrx_word' id='word_1_462' title='bbox 908 4679 1017 4741; x_wconf 90' lang='lat' dir='ltr'><strong>habent</strong></span> <span class='ocrx_word' id='word_1_463' title='bbox 1038 4680 1130 4755; x_wconf 91' lang='lat' dir='ltr'><strong>aliter,</strong></span> <span class='ocrx_word' id='word_1_464' title='bbox 1155 4683 1225 4758; x_wconf 91' lang='lat' dir='ltr'><strong>quis</strong></span> <span class='ocrx_word' id='word_1_465' title='bbox 1247 4683 1334 4742; x_wconf 91' lang='lat' dir='ltr'><strong>simul</strong></span> <span class='ocrx_word' id='word_1_466' title='bbox 1358 4685 1489 4744; x_wconf 86' lang='lat' dir='ltr'><strong>existunt</strong></span> <span class='ocrx_word' id='word_1_467' title='bbox 1509 4681 1593 4745; x_wconf 88' lang='lat' dir='ltr'><strong>lines</strong></span> <span class='ocrx_word' id='word_1_468' title='bbox 1608 4686 1659 4744; x_wconf 91' lang='lat' dir='ltr'><strong>cir·</strong></span> <span class='ocrx_word' id='word_1_469' title='bbox 1704 4717 1705 4744; x_wconf 74' lang='grc'>;</span> 
     </span>
     <span class='ocr_line' id='line_1_49' title="bbox 316 4765 1658 4849; baseline 0.001 -22"><span class='ocrx_word' id='word_1_470' title='bbox 316 4766 420 4828; x_wconf 78' lang='lat' dir='ltr'><strong>culatis</strong></span> <span class='ocrx_word' id='word_1_471' title='bbox 443 4777 473 4829; x_wconf 88' lang='lat' dir='ltr'><strong>ct</strong></span> <span class='ocrx_word' id='word_1_472' title='bbox 495 4769 559 4844; x_wconf 89' lang='lat' dir='ltr'><strong>ejus</strong></span> <span class='ocrx_word' id='word_1_473' title='bbox 580 4767 710 4845; x_wconf 89' lang='lat' dir='ltr'><strong>planum.</strong></span> <span class='ocrx_word' id='word_1_474' title='bbox 756 4765 787 4833; x_wconf 72' lang='grc' dir='ltr'><strong>ι)</strong></span> <span class='ocrx_word' id='word_1_475' title='bbox 809 4765 902 4827; x_wconf 86' lang='lat' dir='ltr'><strong>Recta</strong></span> <span class='ocrx_word' id='word_1_476' title='bbox 923 4767 1015 4826; x_wconf 87' lang='lat' dir='ltr'><strong>multa</strong></span> <span class='ocrx_word' id='word_1_477' title='bbox 1037 4775 1114 4842; x_wconf 89' lang='lat' dir='ltr'><strong>sunt,</strong></span> <span class='ocrx_word' id='word_1_478' title='bbox 1137 4785 1258 4829; x_wconf 87' lang='lat' dir='ltr'><strong>curvum</strong></span> <span class='ocrx_word' id='word_1_479' title='bbox 1281 4786 1382 4832; x_wconf 91' lang='lat' dir='ltr'><strong>unum.</strong></span> <span class='ocrx_word' id='word_1_480' title='bbox 1429 4771 1461 4849; x_wconf 85' lang='lat'><strong>3)</strong></span> <span class='ocrx_word' id='word_1_481' title='bbox 1479 4769 1576 4833; x_wconf 85' lang='lat' dir='ltr'><strong>Recta</strong></span> <span class='ocrx_word' id='word_1_482' title='bbox 1598 4772 1658 4831; x_wconf 84' lang='lat' dir='ltr'><strong>aliis</strong></span> 
     </span>
     <span class='ocr_line' id='line_1_50' title="bbox 314 4852 1705 4940; baseline 0.004 -24"><span class='ocrx_word' id='word_1_483' title='bbox 314 4854 506 4934; x_wconf 82' lang='lat' dir='ltr'><strong>regularium,</strong></span> <span class='ocrx_word' id='word_1_484' title='bbox 534 4871 655 4920; x_wconf 87' lang='lat' dir='ltr'><strong>currum</strong></span> <span class='ocrx_word' id='word_1_485' title='bbox 683 4852 939 4934; x_wconf 81' lang='lat' dir='ltr'><strong>regularissimum.</strong></span> <span class='ocrx_word' id='word_1_486' title='bbox 982 4853 1075 4916; x_wconf 84' lang='lat' dir='ltr'><strong>Recta</strong></span> <span class='ocrx_word' id='word_1_487' title='bbox 1101 4854 1212 4918; x_wconf 88' lang='lat' dir='ltr'><strong>babent</strong></span> <span class='ocrx_word' id='word_1_488' title='bbox 1238 4856 1331 4919; x_wconf 87' lang='lat' dir='ltr'><strong>mults</strong></span> <span class='ocrx_word' id='word_1_489' title='bbox 1357 4857 1451 4921; x_wconf 86' lang='lat' dir='ltr'><strong>latera</strong></span> <span class='ocrx_word' id='word_1_490' title='bbox 1472 4864 1504 4919; x_wconf 90' lang='lat' dir='ltr'><strong>et</strong></span> <span class='ocrx_word' id='word_1_491' title='bbox 1527 4859 1659 4940; x_wconf 85' lang='lat' dir='ltr'><strong>angulos,</strong></span> <span class='ocrx_word' id='word_1_492' title='bbox 1703 4877 1705 4906; x_wconf 60' lang='grc' dir='ltr'>ι</span> 
     </span>
    </p>
   </div>
   <div class='ocr_carea' id='block_1_5' title="bbox 0 0 1724 5416">
    <p class='ocr_par' dir='ltr' id='par_1_16' title="bbox 0 0 1724 5416">
     <span class='ocr_line' id='line_1_51' title="bbox 0 0 1724 5416; baseline 0 0"><span class='ocrx_word' id='word_1_493' title='bbox 0 0 1724 5416; x_wconf 95' lang='lat' dir='ltr'><strong> </strong></span> 
     </span>
    </p>
   </div>
  </div>
 </body>
</html>
