3478 5424
257 335 261 342 ·
339 311 385 382 44
684 397 690 406 Ι
889 273 1005 366 loannis
1024 307 1137 380 Kepleri
1159 381 1160 388 ἵ

340 487 416 543 natui
432 486 544 557 iniusto,
563 485 735 544 arithmetica
752 484 887 542 avaritiae.
912 483 967 540 Sed
984 483 1081 540 melior
1098 497 1204 554 sensns,
1222 481 1296 554 qnod
1313 497 1374 539 cum
1393 497 1486 539 omnes
1505 497 1536 538 se
1553 481 1620 552 ipsis
1635 483 1681 538 siut

338 567 416 622 mites
435 574 462 624 et
478 567 605 622 innoxiae
625 568 723 636 (eoque
741 581 796 620 non
814 564 925 633 spiritus
943 563 982 617 illi
1001 569 1143 632 apostatae
1161 569 1189 616 et
1207 577 1331 632 nequam,
1350 563 1448 631 quibua
1466 569 1509 619 est
1526 579 1588 619 cum
1605 564 1681 633 magis

338 653 367 700 et
384 645 456 715 sagis
475 646 672 715 commercium,
692 643 738 712 qui
757 658 823 700 auae
836 641 1006 698 crudelitatis
1020 649 1048 698 et
1059 657 1193 698 noxarum
1207 643 1390 698 testimonium
1401 635 1505 698 hibent
1515 643 1680 709 irrefutabile,

339 723 485 794 sproprio
503 741 554 780 suo
572 732 688 798 patrono
707 721 880 793 Porphyrio),
904 720 1080 790 praecipuum
1097 729 1189 777 tamen
1206 721 1258 776 hoc
1277 720 1312 776 sit
1329 721 1357 776 in
1374 721 1554 792 astronomia,
1579 720 1681 790 subjecti

338 804 381 860 sni
398 803 607 862 conditionibus.

441 883 486 938 ιθ.
505 881 680 952 Quaerenda,
706 895 776 952 quae
795 895 878 937 causa
895 880 978 950 hujus
996 880 1101 936 numeri
1117 879 1184 935 mibi
1201 879 1297 949 fuerit,
1322 895 1377 936 non
1394 879 1456 949 plus
1475 881 1591 952 proieci,
1612 897 1681 952 quan

337 960 411 1031 quod
428 961 541 1016 totidem
559 962 649 1017 inveni
666 959 760 1016 literas
779 974 828 1014 sen
845 959 1018 1015 characteres
1044 961 1072 1014 in
1084 958 1194 1014 vocibus
1205 959 1385 1016 acroam
1398 959 1589 1029 capsacem
1611 960 1683 1030 qnad-

338 1055 393 1112 que
410 1039 524 1096 totidem
542 1048 607 1097 sunt
624 1041 728 1096 iorrnae
753 1037 973 1108 conjunctionum
998 1038 1070 1093 inter
1091 1038 1170 1094 binos
1191 1039 1330 1108 planetas,
1353 1053 1467 1106 quorum
1491 1046 1557 1094 sunt
1580 1055 1682 1094 numero

338 1126 452 1192 septem.
489 1121 526 1177 Et
546 1120 699 1190 jucundum
722 1119 775 1175 hoc
801 1117 920 1185 accedit,
944 1116 1058 1172 totidem
1083 1117 1163 1172 etiam
1187 1131 1248 1172 esse
1272 1117 1364 1186 jactus
1386 1115 1510 1172 binarum
1528 1123 1682 1174 tesserarum

338 1200 502 1256 cubicorum.
540 1201 593 1255 Est
620 1200 722 1270 quippe
747 1198 778 1254 21
806 1212 934 1252 uumerus
962 1197 1122 1266 trigonicus,
1150 1196 1211 1252 basi
1234 1196 1258 1252 6.
1301 1195 1440 1266 Allegoria
1465 1198 1630 1252 evocationis
1649 1203 1684 1252 est

337 1293 372 1334 ex
389 1278 483 1334 Delrio
507 1284 537 1334 et
557 1279 646 1348 magia
669 1277 805 1346 desumte,
834 1275 929 1333 subest
952 1283 1045 1332 autem
1068 1291 1163 1332 sensus
1181 1275 1379 1346 grammaticum.
1415 1275 1571 1347 memma,
1598 1275 1683 1331 idest

337 1360 514 1416 mencietur.
988 1367 990 1374 ’

442 1439 484 1496 39.
504 1437 564 1493 Hoc
582 1437 662 1492 etiam
686 1434 720 1492 de
742 1434 911 1492 Pinnonihus
938 1433 1143 1506 septentrionali
1166 1439 1247 1506 gente
1276 1433 1425 1502 vicinisque
1449 1433 1553 1504 Lappis
1579 1447 1684 1488 comme

338 1523 427 1574 morat
444 1518 528 1574 Olaus
546 1516 646 1572 etalii.
682 1515 743 1586 ligo
761 1530 825 1570 nero
844 1515 880 1570 ad
898 1515 1049 1572 doctrinam
1066 1515 1174 1571 traduxi
1192 1514 1227 1572 de
1245 1516 1342 1572 diebrm
1359 1513 1545 1580 naturalibus,
1566 1512 1642 1568 zonis
1662 1519 1684 1568 et

339 1595 491 1653 climatibus
510 1603 538 1652 et
555 1596 591 1653 ad
610 1595 804 1666 experientiam
822 1594 1018 1651 Hellandorum
1037 1595 1065 1650 in
1084 1595 1152 1650 mari
1170 1595 1285 1664 glaciali,
1304 1593 1352 1664 qui
1370 1591 1459 1648 omnia
1477 1593 1517 1648 sic
1535 1596 1685 1661 comparata

336 1677 506 1746 invenerunt,
525 1683 556 1732 ut
574 1693 624 1732 uos
643 1676 789 1732 astronomi
806 1676 853 1730 hic
871 1674 937 1730 ioris
952 1675 1010 1746 jam
1028 1693 1045 1732 a
1062 1676 1153 1732 multis
1172 1675 1271 1732 seculis
1288 1672 1410 1731 docendo
1428 1672 1565 1728 scivimus.

441 1758 485 1814 te.
504 1757 601 1812 Priora
618 1755 652 1812 de
669 1755 758 1826 plagis
777 1760 910 1810 terrarum
928 1761 1006 1810 erant
1022 1755 1121 1826 posita,
1140 1769 1210 1824 quae
1229 1754 1263 1808 ab
1281 1753 1390 1808 homine
1402 1751 1470 1807 adiri
1481 1754 1607 1821 possunt,
1626 1749 1685 1804 haec

333 1837 391 1906 jam
410 1835 443 1892 de
461 1837 623 1893 coelestibus
642 1833 798 1902 regionibus
817 1833 938 1905 accipite.

440 1915 484 1972 di.
503 1914 640 1985 Populare
662 1929 781 1970 scomma
800 1917 855 1982 est,
882 1911 990 1970 credam
1013 1911 1116 1982 potius,
1146 1928 1227 1982 qnam
1249 1916 1282 1966 nt
1305 1911 1407 1966 iurem
1432 1917 1606 1980 praesentem
1624 1925 1695 1993 eam„

336 1992 529 2064 Quaerunrqua
547 1992 679 2064 plerique,
699 1991 838 2048 dudnmne
856 2007 891 2046 ex
909 1991 984 2047 coelo
1004 1991 1109 2062 delapsi
1127 1993 1210 2048 simus
1228 1991 1395 2066 astronomi?
1428 1990 1534 2058 Quibus
1552 1990 1639 2056 magis
1656 1987 1686 2043 ad

335 2079 446 2142 captum
464 2089 542 2128 suum
561 2072 703 2142 respondit
721 2073 836 2129 Galilaei
862 2071 978 2128 nuncius
1001 2071 1139 2142 sidereum
1164 2077 1194 2128 at
1210 2073 1326 2129 validius
1353 2078 1396 2128 est
1418 2072 1532 2127 rationis
1553 2069 1685 2137 iudicium,

334 2168 406 2222 quae
423 2151 501 2208 testis
520 2159 563 2208 eet
581 2153 653 2210 omni
671 2151 832 2224 exceptione
850 2151 946 2221 map'or,
966 2150 1040 2221 qued
1058 2153 1164 2222 experti
1182 2152 1393 2213 suntHollandi
1410 2151 1511 2209 inillis
1529 2153 1586 2210 suis
1604 2151 1686 2207 hiber·

335 2231 386 2300 nis,
405 2246 477 2286 num.
498 2231 540 2288 39.

441 2309 483 2365 42.
496 2310 575 2364 Luna
587 2309 719 2370 Hebraeis
731 2317 774 2367 est
782 2310 895 2366 Lobana
904 2308 1227 2382 relLerane,Selenitida
1238 2311 1315 2382 potui
1326 2311 1485 2380 indigetata,
1499 2310 1549 2367 sed
1560 2309 1688 2365 hebraeae

254 2395 258 2405 “
336 2401 425 2457 voces,
443 2387 599 2442 remotiores
619 2389 653 2443 ab
671 2388 773 2457 auditu,
792 2389 889 2460 majori
907 2391 1101 2460 superstitione
1119 2393 1340 2448 commendantur
1358 2391 1386 2446 ia
1405 2391 1520 2448 occultis
1538 2390 1652 2448 artibus.

440 2466 484 2522 43.
503 2467 576 2524 Eece
594 2466 706 2538 iterum,
733 2475 764 2524 ut
785 2485 829 2524 me
854 2471 1004 2528 necessitas
1029 2471 1091 2542 ipsa
1107 2487 1228 2526 meorum
1246 2470 1448 2540 suppositorum
1467 2468 1580 2539 ejecerit
1596 2469 1624 2523 in
1641 2468 1688 2522 hoc

335 2545 414 2618 litua,
441 2546 514 2616 quod
533 2547 696 2603 Plutarchus
719 2548 798 2619 legit,
824 2549 935 2605 Saturni
953 2556 981 2605 et
999 2550 1058 2620 ipse
1081 2551 1198 2606 reditum
1215 2550 1243 2606 in
1261 2550 1379 2606 Taurum
1400 2563 1622 2610 commemorans.
1656 2548 1689 2602 Δι

337 2626 422 2684 series
440 2625 523 2695 hique
541 2624 682 2682 electionis
700 2643 777 2684 meae
796 2628 859 2684 talis
877 2627 937 2684 fuit.
974 2630 1080 2685 Morem
1097 2630 1304 2698 Astrologorum
1323 2631 1461 2699 affectavi,
1480 2636 1585 2686 uttam
1604 2627 1688 2685 Solem

337 2719 419 2773 quam
437 2703 543 2760 Lunam
560 2704 588 2759 in
606 2705 724 2775 propriis
743 2706 937 2762 constituerem
956 2707 1140 2778 dignitatibus.
1165 2709 1249 2778 Atqui
1268 2710 1315 2766 Sol
1332 2711 1360 2766 in
1378 2710 1472 2765 Leone
1490 2707 1627 2764 domicilio
1644 2722 1688 2762 suo

335 2783 387 2840 iirit
405 2788 551 2852 antequam
569 2785 724 2840 Duracotus
743 2785 852 2840 domum
870 2787 972 2843 rediret
1009 2789 1038 2844 id
1056 2789 1080 2844 si
1096 2804 1152 2844 non
1169 2787 1280 2858 fuisset,
1306 2789 1354 2845 Sol
1372 2789 1481 2860 quidem
1502 2789 1531 2843 in
1553 2803 1587 2844 eo
1606 2787 1688 2855 signo,

335 2862 415 2918 Luna
432 2863 461 2917 in
480 2865 598 2933 Cancro,
621 2861 701 2918 domo
719 2864 812 2920 itidem
831 2881 896 2931 sua,
922 2866 1050 2922 collocari
1066 2867 1157 2937 potnit
1176 2867 1335 2924 decrescens
1354 2874 1382 2926 et
1400 2867 1582 2938 corniculata;
1609 2872 1637 2922 at
1653 2865 1690 2918 in·

336 2942 506 2997 commodum
524 2941 577 2998 hoc
595 2957 768 2998 accessurum
787 2941 851 3014 luit,
875 2944 948 3012 quod
969 2943 1058 2998 Solem
1077 2944 1195 3014 cogebar
1217 2948 1267 3004 sub
1286 2946 1427 3002 horizonte
1444 2945 1531 3002 ortivo
1551 2945 1689 3012 cobocma,

241 3044 245 3053 ¹
336 3038 397 3078 cum
415 3039 469 3077 nox
488 3023 680 3090 congruentius
699 3022 817 3092 eligatur
834 3021 869 3078 ad
887 3022 949 3078 ista.
973 3022 1091 3092 Propter
1109 3026 1179 3080 haec
1196 3023 1367 3081 incommoda
1378 3024 1464 3080 delevi
1477 3025 1586 3093 signum
1599 3023 1690 3079 cancri
1738 3034 1739 3037 ’

337 3101 498 3172 decernique
516 3119 629 3170 annum,
658 3119 712 3171 quo
732 3098 865 3157 Saturnus
881 3102 909 3156 in
931 3103 1033 3158 cancro
1053 3103 1116 3175 init,
1145 3121 1244 3160 annum
1263 3120 1300 3162 sc.
1321 3106 1403 3172 1593,
1429 3118 1484 3173 qno
1502 3119 1575 3160 anno
1593 3104 1690 3172 scripta

334 3180 387 3236 fuit
403 3180 452 3237 illa
469 3181 617 3252 disputatio
637 3181 749 3252 lunaris,
768 3187 817 3236 tua
828 3179 946 3236 Besolde
958 3195 1052 3252 mauu;
1072 3197 1139 3253 quas
1157 3183 1254 3238 lituras
1273 3183 1418 3240 etiamnum
1436 3183 1543 3238 invenio
1562 3183 1688 3252 inprime

336 3276 396 3315 meo
415 3260 571 3330 exemplari.
607 3261 734 3316 Vicissim
751 3261 833 3329 igitur
850 3261 989 3316 Duracoto
1014 3276 1074 3316 meo
1093 3266 1190 3318 exacta
1207 3263 1296 3318 hieme
1321 3261 1349 3316 in
1368 3261 1457 3333 patria
1475 3260 1605 3316 Martium
1624 3258 1689 3327 elegi

338 3337 485 3407 Solemque
508 3339 535 3393 in
559 3339 744 3408 aequinoctio,
771 3340 843 3414 hono
868 3341 946 3410 signo
970 3342 1165 3408 astronomica,
1187 3341 1270 3411 inque
1292 3341 1369 3396 adita
1391 3339 1492 3395 Arietis
1518 3339 1688 3394 exaltationis

339 3432 419 3485 suae;
437 3417 517 3472 Luna
534 3417 617 3484 igitur
635 3417 658 3471 si
675 3417 844 3476 corniculata
862 3419 956 3476 debuit
973 3420 1070 3488 videm,
1089 3421 1119 3475 in
1137 3421 1214 3490 signo
1233 3436 1270 3478 sc.
1292 3419 1349 3474 Soli
1366 3417 1467 3484 ricino,
1493 3433 1547 3473 non
1567 3417 1689 3488 equidem

337 3496 365 3552 in
384 3496 437 3552 alio
463 3496 622 3564 dignitatem
644 3497 762 3566 aliquam
782 3497 891 3567 habuit,
919 3513 1001 3566 quam
1025 3500 1052 3553 in
1071 3498 1161 3554 Tauro
1193 3500 1393 3556 exaltationem.
1430 3498 1537 3568 Itaqua'
1551 3504 1584 3553 nt
1608 3498 1689 3552 sideri

338 3581 434 3642 posset
448 3574 528 3643 juxta
547 3574 641 3630 stellas
666 3575 748 3643 allas,
773 3579 893 3647 oportuit
912 3577 1002 3634 Solem
1019 3577 1070 3635 sub
1090 3579 1231 3636 occiduum
1248 3577 1418 3633 hoerentem
1435 3577 1538 3632 referre
1560 3576 1690 3646 principio
1738 3624 1739 3629 ,

337 3652 436 3722 noctis,
456 3652 528 3721 quod
538 3651 599 3709 tub
617 3668 651 3708 cx
669 3661 742 3724 voto,
761 3657 923 3726 praesertim
934 3657 962 3712 in
976 3658 1059 3727 signis
1071 3658 1213 3728 longarum
1225 3658 1445 3726 descensionum,
1464 3658 1492 3711 in
1504 3657 1605 3726 quibus
1617 3657 1692 3711 huns

337 3731 386 3787 tali
403 3732 458 3787 situ
475 3731 554 3788 valde
573 3740 615 3788 est
633 3735 782 3804 conspicua
798 3741 858 3791 toto
877 3753 991 3808 corporo
1009 3739 1081 3792 intra
1099 3739 1270 3808 complexum
1289 3752 1374 3792 cornu
1390 3735 1482 3804 lucidi,
1505 3742 1536 3790 ut
1548 3736 1578 3790 in
1590 3733 1690 3804 Optieis

337 3812 421 3880 inque
440 3809 631 3870 dissertatione
649 3827 710 3867 cunr
728 3814 827 3870 nuncio
846 3814 953 3870 sidereo
973 3814 1095 3887 Galilaei,
1115 3815 1231 3886 denique
1255 3817 1284 3870 in
1303 3813 1431 3883 Epitoma
1455 3813 1520 3870 dixi.
1556 3813 1595 3869 Ut
1612 3813 1691 3881 igitur

337 3891 419 3946 etiarn
438 3890 570 3946 Saturnus
588 3890 684 3944 Lunae
700 3891 872 3963 jungeretur,
891 3894 965 3962 qued
983 3895 1086 3951 habent
1103 3895 1234 3964 astrologi
1257 3899 1445 3964 argumentum
1465 3892 1636 3948 occultarum
1652 3906 1691 3945 ar·

338 3971 414 4040 dum,
434 3969 567 4026 Saturnus
590 3986 698 4039 quoque
726 3971 754 4024 in
773 3972 863 4025 Tauro
885 3973 1028 4040 ponendus
1052 3973 1113 4030 init.
1148 3974 1192 4027 ita
1214 3974 1326 4042 emergit
1348 3980 1471 4042 tempus,
1499 3987 1554 4041 quo
1577 3971 1690 4028 maxime

337 4049 478 4105 fervebant
501 4048 702 4103 observationes
721 4048 870 4119 Tychonis‚
897 4063 968 4102 anuo
995 4051 1364 4122 restituentem,
1388 4051 1496 4122 quando
1522 4052 1605 4108 etiam
1631 4068 1691 4108 con-

333 4129 440 4200 junctio
458 4128 486 4182 in
505 4128 738 4186 constellationem
755 4128 897 4184 Pleiadum
915 4126 1022 4196 incidit,
1040 4129 1113 4198 quod
1133 4129 1207 4186 sidus
1222 4132 1304 4200 juxta
1320 4131 1427 4186 Lunam
1446 4131 1610 4186 collocatum
1628 4132 1690 4186 ims-

337 4207 488 4278 ginationes
506 4207 564 4262 nati
581 4207 756 4277 multiplicat,
781 4215 814 4262 ut
837 4207 865 4261 in
883 4205 1052 4262 Harmonicis
1076 4210 1206 4265 concessi.
1242 4210 1314 4279 Quin
1333 4210 1414 4266 etiam
1431 4211 1632 4267 mmonomicae
1650 4225 1691 4266 ra-

237 4315 239 4322 >
336 4289 427 4343 tiones
446 4285 635 4342 commendant
653 4287 726 4343 hunc
745 4285 915 4340 astorismum
933 4285 960 4338 in
981 4286 1169 4341 observatione
1187 4289 1284 4344 Lunae
1302 4290 1491 4345 corniculatae.
1522 4289 1593 4344 Vide
1610 4289 1692 4359 hujus

338 4368 445 4438 generis
465 4365 681 4420 observationem
704 4367 732 4419 in
751 4363 854 4434 Opticis
879 4364 960 4434 meis,
986 4365 1050 4434 Cap.
1070 4365 1118 4424 Xl.
1137 4365 1185 4422 iol.
1204 4367 1265 4424 347.
1285 4383 1319 4421 cx
1337 4383 1407 4422 anno
1427 4368 1504 4425 1598.
1524 4367 1549 4426 8.
1567 4368 1648 4439 April
1667 4373 1692 4424 et

339 4447 382 4503 27.
399 4445 476 4502 iulii.
494 4446 561 4511 (Vol.
579 4449 612 4512 11,
630 4462 656 4510 p.
676 4445 750 4514 set.)

442 4524 485 4578 de.
504 4524 547 4578 eb.
566 4522 610 4577 47.
639 4521 715 4576 Haec
736 4535 845 4591 quoque
863 4523 967 4592 magica
985 4525 1148 4594 ceremonia,
1174 4527 1218 4582 cai
1233 4525 1384 4598 respondet
1408 4525 1437 4582 iu
1453 4528 1560 4584 ratione
1578 4525 1692 4582 docendi

343 4601 544 4670 autonomiam,
563 4599 638 4670 qnod
656 4615 689 4655 ea
706 4615 880 4670 nequaquam
896 4607 938 4657 est
958 4601 1124 4671 professoris
1142 4619 1191 4660 seu
1209 4614 1428 4676 extemporanea,
1447 4607 1495 4661 sed
1514 4605 1620 4673 indiget
1637 4619 1692 4678 onr-

339 4681 383 4736 nis
406 4681 535 4751 expedite
557 4681 700 4751 responsio
719 4680 827 4750 quiete,
850 4677 1040 4736 recollectione
1063 4697 1192 4739 sensuum
1209 4686 1403 4756 conceptisque
1425 4685 1523 4742 verbis.
1559 4687 1592 4741 In
1609 4686 1691 4756 parti·

342 4758 427 4816 cidari
444 4758 642 4818 observationis
659 4758 800 4830 cuiusdam
819 4760 912 4832 praxi,
935 4775 1007 4831 quae
1029 4762 1095 4818 mihi
1111 4763 1216 4833 Pragae
1233 4765 1306 4823 circa
1323 4765 1386 4822 illos
1404 4781 1490 4823 annos
1513 4767 1608 4823 crebra
1625 4772 1691 4837 erat,
