<?xml version="1.0" encoding="UTF-8"?>
<!DOCTYPE html PUBLIC "-//W3C//DTD XHTML 1.0 Transitional//EN"
    "http://www.w3.org/TR/xhtml1/DTD/xhtml1-transitional.dtd">
<html xmlns="http://www.w3.org/1999/xhtml" xml:lang="en" lang="en">
 <head>
  <title>
</title>
<meta http-equiv="Content-Type" content="text/html;charset=utf-8" />
  <meta name='ocr-system' content='tesseract 3.04.00' />
  <meta name='ocr-capabilities' content='ocr_page ocr_carea ocr_par ocr_line ocrx_word'/>
</head>
<body>
  <div class='ocr_page' id='page_1' title='image "./joanniskepleria21frisgoog_0206.png"; bbox 0 0 3398 5426; ppageno 0'>
   <div class='ocr_carea' id='block_1_1' title="bbox 276 347 1270 422">
    <p class='ocr_par' dir='ltr' id='par_1_1' title="bbox 276 347 1270 422">
     <span class='ocr_line' id='line_1_1' title="bbox 276 347 1270 422; baseline -0.003 -11"><span class='ocrx_word' id='word_1_1' title='bbox 276 350 341 422; x_wconf 64' lang='lat' dir='ltr'><strong>iffi</strong></span> <span class='ocrx_word' id='word_1_2' title='bbox 635 349 810 411; x_wconf 66' lang='lat' dir='ltr'><strong>ceunomo·</strong></span> <span class='ocrx_word' id='word_1_3' title='bbox 826 365 862 409; x_wconf 82' lang='lat' dir='ltr'><strong>ex</strong></span> <span class='ocrx_word' id='word_1_4' title='bbox 878 347 1018 408; x_wconf 70' lang='lat' dir='ltr'>codicibus</span> <span class='ocrx_word' id='word_1_5' title='bbox 1035 349 1270 412; x_wconf 81' lang='lat' dir='ltr'><strong>Pulkoricnalbua.</strong></span> 
     </span>
    </p>
   </div>
   <div class='ocr_carea' id='block_1_2' title="bbox 216 529 1636 786">
    <p class='ocr_par' dir='ltr' id='par_1_2' title="bbox 216 529 1636 786">
     <span class='ocr_line' id='line_1_2' title="bbox 274 529 1634 610; baseline -0.003 -16"><span class='ocrx_word' id='word_1_6' title='bbox 274 533 433 594; x_wconf 82' lang='lat' dir='ltr'><strong>aarumitur</strong></span> <span class='ocrx_word' id='word_1_7' title='bbox 446 541 584 592; x_wconf 83' lang='lat' dir='ltr'><strong>mautura</strong></span> <span class='ocrx_word' id='word_1_8' title='bbox 597 531 771 609; x_wconf 87' lang='lat' dir='ltr'><strong>angulomm</strong></span> <span class='ocrx_word' id='word_1_9' title='bbox 786 534 925 608; x_wconf 90' lang='lat' dir='ltr'><strong>omnium,</strong></span> <span class='ocrx_word' id='word_1_10' title='bbox 948 533 1019 610; x_wconf 90' lang='lat' dir='ltr'><strong>quia</strong></span> <span class='ocrx_word' id='word_1_11' title='bbox 1033 549 1134 594; x_wconf 80' lang='lat' dir='ltr'><strong>omnen</strong></span> <span class='ocrx_word' id='word_1_12' title='bbox 1155 531 1212 592; x_wconf 88' lang='lat' dir='ltr'><strong>eibi</strong></span> <span class='ocrx_word' id='word_1_13' title='bbox 1234 531 1382 610; x_wconf 84' lang='lat' dir='ltr'><strong>acqualee.</strong></span> <span class='ocrx_word' id='word_1_14' title='bbox 1421 529 1495 591; x_wconf 75' lang='lat' dir='ltr'><strong>dam</strong></span> <span class='ocrx_word' id='word_1_15' title='bbox 1519 547 1586 593; x_wconf 90' lang='lat' dir='ltr'><strong>cnm</strong></span> <span class='ocrx_word' id='word_1_16' title='bbox 1602 531 1634 590; x_wconf 92' lang='lat' dir='ltr'><strong>iu</strong></span> 
     </span>
     <span class='ocr_line' id='line_1_3' title="bbox 216 619 1636 698; baseline -0.001 -18"><span class='ocrx_word' id='word_1_17' title='bbox 216 653 219 661; x_wconf 94' lang='lat'>·</span> <span class='ocrx_word' id='word_1_18' title='bbox 275 619 549 698; x_wconf 87' lang='lat' dir='ltr'><strong>parallelogrammc</strong></span> <span class='ocrx_word' id='word_1_19' title='bbox 570 621 631 679; x_wconf 85' lang='lat' dir='ltr'><strong>tint</strong></span> <span class='ocrx_word' id='word_1_20' title='bbox 651 619 753 697; x_wconf 85' lang='lat' dir='ltr'><strong>anguli</strong></span> <span class='ocrx_word' id='word_1_21' title='bbox 774 628 910 697; x_wconf 89' lang='lat' dir='ltr'><strong>quatuor,</strong></span> <span class='ocrx_word' id='word_1_22' title='bbox 933 635 986 681; x_wconf 88' lang='lat' dir='ltr'><strong>coe</strong></span> <span class='ocrx_word' id='word_1_23' title='bbox 1007 637 1060 698; x_wconf 89' lang='lat' dir='ltr'><strong>per</strong></span> <span class='ocrx_word' id='word_1_24' title='bbox 1081 627 1191 681; x_wconf 87' lang='lat' dir='ltr'><strong>rectum</strong></span> <span class='ocrx_word' id='word_1_25' title='bbox 1205 621 1367 682; x_wconf 86' lang='lat' dir='ltr'><strong>metiemur.</strong></span> <span class='ocrx_word' id='word_1_26' title='bbox 1404 619 1539 680; x_wconf 87' lang='lat' dir='ltr'><strong>Primum</strong></span> <span class='ocrx_word' id='word_1_27' title='bbox 1551 619 1636 678; x_wconf 86' lang='lat' dir='ltr'><strong>linea</strong></span> 
     </span>
     <span class='ocr_line' id='line_1_4' title="bbox 276 705 1635 786; baseline -0.002 -18"><span class='ocrx_word' id='word_1_28' title='bbox 276 725 379 768; x_wconf 85' lang='lat' dir='ltr'><strong>aecana</strong></span> <span class='ocrx_word' id='word_1_29' title='bbox 401 705 560 785; x_wconf 86' lang='lat' dir='ltr'><strong>parallelae</strong></span> <span class='ocrx_word' id='word_1_30' title='bbox 588 707 752 784; x_wconf 82' lang='lat' dir='ltr'><strong>aequaliter</strong></span> <span class='ocrx_word' id='word_1_31' title='bbox 773 708 813 768; x_wconf 85' lang='lat' dir='ltr'><strong>ad</strong></span> <span class='ocrx_word' id='word_1_32' title='bbox 839 715 993 786; x_wconf 82' lang='lat' dir='ltr'><strong>utramque</strong></span> <span class='ocrx_word' id='word_1_33' title='bbox 1015 707 1172 768; x_wconf 86' lang='lat' dir='ltr'><strong>inclinatur</strong></span> <span class='ocrx_word' id='word_1_34' title='bbox 1193 706 1393 786; x_wconf 69' lang='lat' dir='ltr'><strong>aequalesque</strong></span> <span class='ocrx_word' id='word_1_35' title='bbox 1416 724 1483 767; x_wconf 88' lang='lat' dir='ltr'><strong>cum</strong></span> <span class='ocrx_word' id='word_1_36' title='bbox 1506 715 1635 782; x_wconf 75' lang='lat' dir='ltr'><strong>unaque</strong></span> 
     </span>
    </p>
   </div>
   <div class='ocr_carea' id='block_1_3' title="bbox 178 793 1636 874">
    <p class='ocr_par' dir='ltr' id='par_1_3' title="bbox 178 793 1636 874">
     <span class='ocr_line' id='line_1_5' title="bbox 178 793 1636 874; baseline -0.003 -17"><span class='ocrx_word' id='word_1_37' title='bbox 178 826 183 838; x_wconf 79' lang='lat'><strong>.</strong></span> <span class='ocrx_word' id='word_1_38' title='bbox 275 797 427 857; x_wconf 73' lang='lat' dir='ltr'><strong>constituit</strong></span> <span class='ocrx_word' id='word_1_39' title='bbox 449 793 584 872; x_wconf 89' lang='lat' dir='ltr'><strong>anguloa,</strong></span> <span class='ocrx_word' id='word_1_40' title='bbox 608 801 745 856; x_wconf 75' lang='lat' dir='ltr'><strong>externos</strong></span> <span class='ocrx_word' id='word_1_41' title='bbox 760 797 836 855; x_wconf 83' lang='lat' dir='ltr'><strong>intra</strong></span> <span class='ocrx_word' id='word_1_42' title='bbox 850 797 1003 874; x_wconf 87' lang='lat' dir='ltr'><strong>cppoaltie.</strong></span> <span class='ocrx_word' id='word_1_43' title='bbox 1039 795 1075 855; x_wconf 90' lang='lat' dir='ltr'><strong>ld</strong></span> <span class='ocrx_word' id='word_1_44' title='bbox 1097 811 1155 854; x_wconf 91' lang='lat' dir='ltr'><strong>non</strong></span> <span class='ocrx_word' id='word_1_45' title='bbox 1171 805 1239 872; x_wconf 87' lang='lat' dir='ltr'><strong>eget</strong></span> <span class='ocrx_word' id='word_1_46' title='bbox 1253 795 1426 872; x_wconf 78' lang='lat' dir='ltr'><strong>probatione</strong></span> <span class='ocrx_word' id='word_1_47' title='bbox 1448 796 1521 869; x_wconf 87' lang='lat' dir='ltr'><strong>alia,</strong></span> <span class='ocrx_word' id='word_1_48' title='bbox 1545 809 1636 871; x_wconf 86' lang='lat' dir='ltr'><strong>qnam</strong></span> 
     </span>
    </p>
   </div>
   <div class='ocr_carea' id='block_1_4' title="bbox 275 881 1681 2186">
    <p class='ocr_par' dir='ltr' id='par_1_4' title="bbox 275 881 1681 2097">
     <span class='ocr_line' id='line_1_6' title="bbox 277 881 1637 962; baseline -0.003 -19"><span class='ocrx_word' id='word_1_49' title='bbox 277 886 343 957; x_wconf 85' lang='lat' dir='ltr'><strong>ieta,</strong></span> <span class='ocrx_word' id='word_1_50' title='bbox 368 882 448 960; x_wconf 89' lang='lat' dir='ltr'><strong>quod</strong></span> <span class='ocrx_word' id='word_1_51' title='bbox 470 881 572 942; x_wconf 89' lang='lat' dir='ltr'><strong>eadem</strong></span> <span class='ocrx_word' id='word_1_52' title='bbox 595 882 749 944; x_wconf 71' lang='lat' dir='ltr'><strong>inclinatio</strong></span> <span class='ocrx_word' id='word_1_53' title='bbox 772 882 898 944; x_wconf 85' lang='lat' dir='ltr'><strong>eundern</strong></span> <span class='ocrx_word' id='word_1_54' title='bbox 921 884 992 944; x_wconf 86' lang='lat' dir='ltr'><strong>lacit</strong></span> <span class='ocrx_word' id='word_1_55' title='bbox 1013 883 1164 959; x_wconf 87' lang='lat' dir='ltr'><strong>angulum,</strong></span> <span class='ocrx_word' id='word_1_56' title='bbox 1187 898 1254 946; x_wconf 90' lang='lat' dir='ltr'><strong>cum</strong></span> <span class='ocrx_word' id='word_1_57' title='bbox 1275 883 1401 962; x_wconf 86' lang='lat' dir='ltr'><strong>anguina</strong></span> <span class='ocrx_word' id='word_1_58' title='bbox 1424 883 1465 941; x_wconf 87' lang='lat' dir='ltr'><strong>cil</strong></span> <span class='ocrx_word' id='word_1_59' title='bbox 1488 885 1529 942; x_wconf 85' lang='lat' dir='ltr'><strong>eit</strong></span> <span class='ocrx_word' id='word_1_60' title='bbox 1552 881 1637 942; x_wconf 89' lang='lat' dir='ltr'><strong>alind</strong></span> 
     </span>
     <span class='ocr_line' id='line_1_7' title="bbox 275 966 1636 1050; baseline -0.003 -18"><span class='ocrx_word' id='word_1_61' title='bbox 275 989 364 1050; x_wconf 88' lang='lat' dir='ltr'><strong>quam</strong></span> <span class='ocrx_word' id='word_1_62' title='bbox 386 969 547 1032; x_wconf 81' lang='lat' dir='ltr'><strong>inclinatio.</strong></span> <span class='ocrx_word' id='word_1_63' title='bbox 592 969 723 1033; x_wconf 82' lang='lat' dir='ltr'><strong>Eandem</strong></span> <span class='ocrx_word' id='word_1_64' title='bbox 751 979 850 1033; x_wconf 86' lang='lat' dir='ltr'><strong>autam</strong></span> <span class='ocrx_word' id='word_1_65' title='bbox 879 970 1098 1032; x_wconf 78' lang='lat' dir='ltr'><strong>inclinationem</strong></span> <span class='ocrx_word' id='word_1_66' title='bbox 1127 987 1192 1031; x_wconf 82' lang='lat' dir='ltr'><strong>eaeo</strong></span> <span class='ocrx_word' id='word_1_67' title='bbox 1215 987 1251 1030; x_wconf 85' lang='lat' dir='ltr'><strong>ex</strong></span> <span class='ocrx_word' id='word_1_68' title='bbox 1273 987 1309 1030; x_wconf 89' lang='lat' dir='ltr'><strong>eo</strong></span> <span class='ocrx_word' id='word_1_69' title='bbox 1332 969 1521 1048; x_wconf 81' lang='lat' dir='ltr'><strong>intelligitur,</strong></span> <span class='ocrx_word' id='word_1_70' title='bbox 1554 966 1636 1046; x_wconf 91' lang='lat' dir='ltr'><strong>quod</strong></span> 
     </span>
     <span class='ocr_line' id='line_1_8' title="bbox 850 1055 1636 1136; baseline -0.005 -16"><span class='ocrx_word' id='word_1_71' title='bbox 850 1067 950 1120; x_wconf 78' lang='lat' dir='ltr'><strong>motae</strong></span> <span class='ocrx_word' id='word_1_72' title='bbox 971 1057 1129 1136; x_wconf 84' lang='lat' dir='ltr'><strong>parallelae</strong></span> <span class='ocrx_word' id='word_1_73' title='bbox 1144 1065 1221 1131; x_wconf 86' lang='lat' dir='ltr'><strong>eunt,</strong></span> <span class='ocrx_word' id='word_1_74' title='bbox 1243 1057 1378 1119; x_wconf 87' lang='lat' dir='ltr'><strong>eimillter</strong></span> <span class='ocrx_word' id='word_1_75' title='bbox 1398 1060 1489 1134; x_wconf 84' lang='lat' dir='ltr'><strong>igitur</strong></span> <span class='ocrx_word' id='word_1_76' title='bbox 1510 1055 1551 1117; x_wconf 85' lang='lat' dir='ltr'><strong>ad</strong></span> <span class='ocrx_word' id='word_1_77' title='bbox 1568 1072 1636 1116; x_wconf 79' lang='lat' dir='ltr'><strong>aeo-</strong></span> 
     </span>
     <span class='ocr_line' id='line_1_9' title="bbox 848 1142 1637 1222; baseline -0.005 -16"><span class='ocrx_word' id='word_1_78' title='bbox 848 1149 951 1207; x_wconf 83' lang='lat' dir='ltr'><strong>tricem</strong></span> <span class='ocrx_word' id='word_1_79' title='bbox 965 1145 1132 1206; x_wconf 72' lang='lat' dir='ltr'><strong>inclinatae.</strong></span> <span class='ocrx_word' id='word_1_80' title='bbox 1158 1142 1242 1206; x_wconf 91' lang='lat' dir='ltr'><strong>Unde</strong></span> <span class='ocrx_word' id='word_1_81' title='bbox 1257 1148 1398 1222; x_wconf 82' lang='lat' dir='ltr'><strong>nequitur,</strong></span> <span class='ocrx_word' id='word_1_82' title='bbox 1413 1149 1439 1205; x_wconf 85' lang='lat' dir='ltr'><strong>ei</strong></span> <span class='ocrx_word' id='word_1_83' title='bbox 1455 1143 1485 1221; x_wconf 92' lang='lat' dir='ltr'><strong>d,</strong></span> <span class='ocrx_word' id='word_1_84' title='bbox 1500 1147 1510 1203; x_wconf 93' lang='lat' dir='ltr'><strong>i</strong></span> <span class='ocrx_word' id='word_1_85' title='bbox 1523 1145 1637 1204; x_wconf 76' lang='lat' dir='ltr'><strong>facium</strong></span> 
     </span>
     <span class='ocr_line' id='line_1_10' title="bbox 850 1231 1637 1310; baseline -0.006 -16"><span class='ocrx_word' id='word_1_86' title='bbox 850 1240 996 1307; x_wconf 69' lang='lat' dir='ltr'><strong>bractea,</strong></span> <span class='ocrx_word' id='word_1_87' title='bbox 1019 1235 1030 1292; x_wconf 89' lang='lat' dir='ltr'><strong>l</strong></span> <span class='ocrx_word' id='word_1_88' title='bbox 1052 1249 1122 1292; x_wconf 85' lang='lat' dir='ltr'><strong>roro</strong></span> <span class='ocrx_word' id='word_1_89' title='bbox 1145 1239 1175 1293; x_wconf 86' lang='lat' dir='ltr'><strong>et</strong></span> <span class='ocrx_word' id='word_1_90' title='bbox 1196 1250 1216 1293; x_wconf 89' lang='lat' dir='ltr'><strong>a</strong></span> <span class='ocrx_word' id='word_1_91' title='bbox 1235 1235 1295 1292; x_wconf 85' lang='lat' dir='ltr'><strong>aiut</strong></span> <span class='ocrx_word' id='word_1_92' title='bbox 1316 1233 1473 1310; x_wconf 80' lang='lat' dir='ltr'><strong>aequales,</strong></span> <span class='ocrx_word' id='word_1_93' title='bbox 1504 1239 1541 1292; x_wconf 88' lang='lat' dir='ltr'><strong>nt</strong></span> <span class='ocrx_word' id='word_1_94' title='bbox 1566 1231 1585 1292; x_wconf 94' lang='lat' dir='ltr'><strong>d</strong></span> <span class='ocrx_word' id='word_1_95' title='bbox 1606 1242 1637 1290; x_wconf 85' lang='lat' dir='ltr'><strong>et</strong></span> 
     </span>
     <span class='ocr_line' id='line_1_11' title="bbox 848 1317 1681 1402; baseline -0.005 -20"><span class='ocrx_word' id='word_1_96' title='bbox 848 1321 998 1382; x_wconf 64' lang='lat' dir='ltr'><strong>alemant</strong></span> <span class='ocrx_word' id='word_1_97' title='bbox 1021 1326 1039 1380; x_wconf 79' lang='lat'><strong>2</strong></span> <span class='ocrx_word' id='word_1_98' title='bbox 1063 1334 1167 1394; x_wconf 86' lang='lat' dir='ltr'><strong>recroa,</strong></span> <span class='ocrx_word' id='word_1_99' title='bbox 1187 1319 1247 1380; x_wconf 91' lang='lat' dir='ltr'><strong>duo</strong></span> <span class='ocrx_word' id='word_1_100' title='bbox 1269 1337 1309 1382; x_wconf 87' lang='lat' dir='ltr'><strong>ac.</strong></span> <span class='ocrx_word' id='word_1_101' title='bbox 1334 1324 1500 1382; x_wconf 75' lang='lat' dir='ltr'><strong>exteriores.</strong></span> <span class='ocrx_word' id='word_1_102' title='bbox 1547 1317 1637 1394; x_wconf 88' lang='lat' dir='ltr'><strong>Quod</strong></span> <span class='ocrx_word' id='word_1_103' title='bbox 1676 1393 1681 1402; x_wconf 28' lang='lat'>¹</span> 
     </span>
     <span class='ocr_line' id='line_1_12' title="bbox 848 1407 1637 1470; baseline -0.003 -2"><span class='ocrx_word' id='word_1_104' title='bbox 848 1411 960 1470; x_wconf 81' lang='lat' dir='ltr'><strong>interea</strong></span> <span class='ocrx_word' id='word_1_105' title='bbox 975 1415 1118 1468; x_wconf 72' lang='lat' dir='ltr'><strong>tenemur.</strong></span> <span class='ocrx_word' id='word_1_106' title='bbox 1156 1407 1225 1468; x_wconf 89' lang='lat' dir='ltr'><strong>Jam</strong></span> <span class='ocrx_word' id='word_1_107' title='bbox 1248 1407 1333 1468; x_wconf 84' lang='lat' dir='ltr'><strong>lineia</strong></span> <span class='ocrx_word' id='word_1_108' title='bbox 1354 1425 1387 1468; x_wconf 83' lang='lat' dir='ltr'><strong>aa</strong></span> <span class='ocrx_word' id='word_1_109' title='bbox 1402 1415 1505 1468; x_wconf 89' lang='lat' dir='ltr'><strong>mutuo</strong></span> <span class='ocrx_word' id='word_1_110' title='bbox 1529 1423 1637 1467; x_wconf 85' lang='lat' dir='ltr'><strong>aecan-</strong></span> 
     </span>
     <span class='ocr_line' id='line_1_13' title="bbox 847 1493 1636 1575; baseline -0.005 -19"><span class='ocrx_word' id='word_1_111' title='bbox 847 1497 929 1556; x_wconf 78' lang='lat' dir='ltr'><strong>tibur</strong></span> <span class='ocrx_word' id='word_1_112' title='bbox 950 1496 1053 1574; x_wconf 86' lang='lat' dir='ltr'><strong>anguli</strong></span> <span class='ocrx_word' id='word_1_113' title='bbox 1074 1515 1153 1560; x_wconf 81' lang='lat' dir='ltr'><strong>aura</strong></span> <span class='ocrx_word' id='word_1_114' title='bbox 1173 1517 1304 1575; x_wconf 79' lang='lat' dir='ltr'><strong>aopuqqe</strong></span> <span class='ocrx_word' id='word_1_115' title='bbox 1324 1495 1399 1556; x_wconf 84' lang='lat' dir='ltr'><strong>fiunt</strong></span> <span class='ocrx_word' id='word_1_116' title='bbox 1419 1496 1518 1572; x_wconf 88' lang='lat' dir='ltr'><strong>acqui.</strong></span> <span class='ocrx_word' id='word_1_117' title='bbox 1558 1493 1636 1554; x_wconf 83' lang='lat' dir='ltr'><strong>Nam</strong></span> 
     </span>
     <span class='ocr_line' id='line_1_14' title="bbox 849 1580 1636 1658; baseline -0.008 -12"><span class='ocrx_word' id='word_1_118' title='bbox 849 1585 912 1646; x_wconf 90' lang='lat' dir='ltr'><strong>let</strong></span> <span class='ocrx_word' id='word_1_119' title='bbox 940 1600 956 1643; x_wconf 94' lang='lat' dir='ltr'><strong>e</strong></span> <span class='ocrx_word' id='word_1_120' title='bbox 984 1589 1053 1645; x_wconf 87' lang='lat' dir='ltr'><strong>eunt</strong></span> <span class='ocrx_word' id='word_1_121' title='bbox 1084 1589 1102 1644; x_wconf 72' lang='lat' dir='ltr'><strong>b</strong></span> <span class='ocrx_word' id='word_1_122' title='bbox 1132 1584 1219 1658; x_wconf 91' lang='lat' dir='ltr'><strong>recti,</strong></span> <span class='ocrx_word' id='word_1_123' title='bbox 1244 1599 1260 1642; x_wconf 91' lang='lat' dir='ltr'><strong>e</strong></span> <span class='ocrx_word' id='word_1_124' title='bbox 1281 1583 1354 1644; x_wconf 77' lang='lat' dir='ltr'><strong>etl</strong></span> <span class='ocrx_word' id='word_1_125' title='bbox 1383 1583 1503 1657; x_wconf 88' lang='lat' dir='ltr'><strong>itidem,</strong></span> <span class='ocrx_word' id='word_1_126' title='bbox 1535 1580 1636 1643; x_wconf 85' lang='lat' dir='ltr'><strong>demto</strong></span> 
     </span>
     <span class='ocr_line' id='line_1_15' title="bbox 849 1669 1636 1746; baseline -0.004 -15"><span class='ocrx_word' id='word_1_127' title='bbox 849 1672 995 1731; x_wconf 88' lang='lat' dir='ltr'><strong>communi</strong></span> <span class='ocrx_word' id='word_1_128' title='bbox 1018 1688 1034 1731; x_wconf 92' lang='lat' dir='ltr'><strong>e</strong></span> <span class='ocrx_word' id='word_1_129' title='bbox 1057 1670 1101 1730; x_wconf 84' lang='lat' dir='ltr'><strong>bie</strong></span> <span class='ocrx_word' id='word_1_130' title='bbox 1123 1680 1285 1746; x_wconf 86' lang='lat' dir='ltr'><strong>numerato,</strong></span> <span class='ocrx_word' id='word_1_131' title='bbox 1307 1669 1441 1734; x_wconf 84' lang='lat' dir='ltr'><strong>retidune</strong></span> <span class='ocrx_word' id='word_1_132' title='bbox 1463 1673 1636 1746; x_wconf 86' lang='lat' dir='ltr'><strong>iaequatur</strong></span> 
     </span>
     <span class='ocr_line' id='line_1_16' title="bbox 847 1757 1637 1834; baseline -0.008 -15"><span class='ocrx_word' id='word_1_133' title='bbox 847 1757 1254 1829; x_wconf 85' lang='lat' dir='ltr'><strong>raalduolr,elccta=d.</strong></span> <span class='ocrx_word' id='word_1_134' title='bbox 1293 1757 1637 1834; x_wconf 77' lang='lat' dir='ltr'><strong>Cumargua†c=</strong></span> 
     </span>
     <span class='ocr_line' id='line_1_17' title="bbox 848 1844 1635 1922; baseline -0.003 -16"><span class='ocrx_word' id='word_1_135' title='bbox 848 1845 919 1906; x_wconf 66' lang='lat' dir='ltr'><strong>2ss</strong></span> <span class='ocrx_word' id='word_1_136' title='bbox 943 1852 971 1908; x_wconf 87' lang='lat' dir='ltr'><strong>ct</strong></span> <span class='ocrx_word' id='word_1_137' title='bbox 994 1844 1066 1916; x_wconf 85' lang='lat' dir='ltr'><strong>d-l-</strong></span> <span class='ocrx_word' id='word_1_138' title='bbox 1086 1845 1105 1904; x_wconf 93' lang='lat' dir='ltr'><strong>b</strong></span> <span class='ocrx_word' id='word_1_139' title='bbox 1128 1844 1246 1920; x_wconf 89' lang='lat' dir='ltr'><strong>itidem,</strong></span> <span class='ocrx_word' id='word_1_140' title='bbox 1270 1847 1310 1905; x_wconf 86' lang='lat' dir='ltr'><strong>eit</strong></span> <span class='ocrx_word' id='word_1_141' title='bbox 1332 1863 1435 1907; x_wconf 75' lang='lat' dir='ltr'><strong>aaron</strong></span> <span class='ocrx_word' id='word_1_142' title='bbox 1457 1845 1635 1922; x_wconf 89' lang='lat' dir='ltr'><strong>aequumd,</strong></span> 
     </span>
     <span class='ocr_line' id='line_1_18' title="bbox 845 1929 1639 2012; baseline -0.008 -18"><span class='ocrx_word' id='word_1_143' title='bbox 845 1929 1235 2009; x_wconf 82' lang='lat' dir='ltr'><strong>i=a,g=c,b=b,</strong></span> <span class='ocrx_word' id='word_1_144' title='bbox 1258 1947 1328 2010; x_wconf 87' lang='lat' dir='ltr'><strong>erge</strong></span> <span class='ocrx_word' id='word_1_145' title='bbox 1351 1941 1479 2012; x_wconf 87' lang='lat' dir='ltr'><strong>quatuor</strong></span> <span class='ocrx_word' id='word_1_146' title='bbox 1501 1935 1639 1994; x_wconf 84' lang='lat' dir='ltr'><strong>intra:</strong></span> 
     </span>
     <span class='ocr_line' id='line_1_19' title="bbox 848 2021 1092 2097; baseline -0.016 -16"><span class='ocrx_word' id='word_1_147' title='bbox 848 2027 974 2097; x_wconf 82' lang='lat' dir='ltr'><strong>quatuor</strong></span> <span class='ocrx_word' id='word_1_148' title='bbox 996 2021 1092 2080; x_wconf 83' lang='lat' dir='ltr'><strong>rectia.</strong></span> 
     </span>
    </p>

    <p class='ocr_par' dir='ltr' id='par_1_5' title="bbox 382 2101 1636 2186">
     <span class='ocr_line' id='line_1_20' title="bbox 382 2101 1636 2186; baseline 0.002 -22"><span class='ocrx_word' id='word_1_149' title='bbox 382 2101 441 2166; x_wconf 83' lang='lat' dir='ltr'><strong>Hic</strong></span> <span class='ocrx_word' id='word_1_150' title='bbox 459 2103 523 2180; x_wconf 80' lang='lat' dir='ltr'><strong>jam</strong></span> <span class='ocrx_word' id='word_1_151' title='bbox 545 2103 663 2167; x_wconf 80' lang='lat' dir='ltr'><strong>haereo.</strong></span> <span class='ocrx_word' id='word_1_152' title='bbox 707 2105 785 2167; x_wconf 84' lang='lat' dir='ltr'><strong>Nam</strong></span> <span class='ocrx_word' id='word_1_153' title='bbox 807 2110 901 2186; x_wconf 90' lang='lat' dir='ltr'><strong>primo</strong></span> <span class='ocrx_word' id='word_1_154' title='bbox 922 2116 1001 2168; x_wconf 87' lang='lat' dir='ltr'><strong>eeaet</strong></span> <span class='ocrx_word' id='word_1_155' title='bbox 1022 2105 1220 2185; x_wconf 89' lang='lat' dir='ltr'><strong>probandum,</strong></span> <span class='ocrx_word' id='word_1_156' title='bbox 1250 2107 1429 2184; x_wconf 84' lang='lat' dir='ltr'><strong>triangulum</strong></span> <span class='ocrx_word' id='word_1_157' title='bbox 1455 2123 1522 2168; x_wconf 77' lang='lat' dir='ltr'><strong>eene</strong></span> <span class='ocrx_word' id='word_1_158' title='bbox 1545 2107 1636 2168; x_wconf 91' lang='lat' dir='ltr'><strong>dimi-</strong></span> 
     </span>
    </p>
   </div>
   <div class='ocr_carea' id='block_1_5' title="bbox 519 1121 604 1176">
    <p class='ocr_par' dir='ltr' id='par_1_6' title="bbox 519 1121 604 1176">
     <span class='ocr_line' id='line_1_21' title="bbox 519 1121 604 1176; baseline 0.024 -12"><span class='ocrx_word' id='word_1_159' title='bbox 519 1123 568 1176; x_wconf 77' lang='lat' dir='ltr'><strong>ilg.</strong></span> <span class='ocrx_word' id='word_1_160' title='bbox 584 1121 604 1166; x_wconf 80' lang='lat' dir='ltr'><strong>l·</strong></span> 
     </span>
    </p>
   </div>
   <div class='ocr_carea' id='block_1_6' title="bbox 160 2187 1635 2274">
    <p class='ocr_par' dir='ltr' id='par_1_7' title="bbox 160 2187 1635 2274">
     <span class='ocr_line' id='line_1_22' title="bbox 160 2187 1635 2274; baseline 0.003 -24"><span class='ocrx_word' id='word_1_161' title='bbox 160 2187 163 2198; x_wconf 79' lang='lat'><em>&#39;</em></span> <span class='ocrx_word' id='word_1_162' title='bbox 277 2189 359 2250; x_wconf 90' lang='lat' dir='ltr'><strong>dium</strong></span> <span class='ocrx_word' id='word_1_163' title='bbox 379 2191 658 2270; x_wconf 79' lang='lat' dir='ltr'><strong>parallelogrammi.</strong></span> <span class='ocrx_word' id='word_1_164' title='bbox 696 2193 842 2256; x_wconf 80' lang='lat' dir='ltr'><strong>Tentabo.</strong></span> <span class='ocrx_word' id='word_1_165' title='bbox 886 2193 956 2256; x_wconf 86' lang='lat' dir='ltr'><strong>Jam</strong></span> <span class='ocrx_word' id='word_1_166' title='bbox 978 2204 1009 2256; x_wconf 85' lang='lat' dir='ltr'><strong>ct</strong></span> <span class='ocrx_word' id='word_1_167' title='bbox 1030 2193 1102 2253; x_wconf 90' lang='lat' dir='ltr'><strong>illud</strong></span> <span class='ocrx_word' id='word_1_168' title='bbox 1117 2193 1283 2270; x_wconf 68' lang='lat' dir='ltr'><strong>mirandum,</strong></span> <span class='ocrx_word' id='word_1_169' title='bbox 1307 2198 1461 2274; x_wconf 85' lang='lat' dir='ltr'><strong>oppoaltoa</strong></span> <span class='ocrx_word' id='word_1_170' title='bbox 1475 2197 1565 2256; x_wconf 85' lang='lat' dir='ltr'><strong>hinne</strong></span> <span class='ocrx_word' id='word_1_171' title='bbox 1580 2212 1635 2256; x_wconf 84' lang='lat' dir='ltr'><strong>au·</strong></span> 
     </span>
    </p>
   </div>
   <div class='ocr_carea' id='block_1_7' title="bbox 273 2277 1640 3497">
    <p class='ocr_par' dir='ltr' id='par_1_8' title="bbox 273 2277 1640 2969">
     <span class='ocr_line' id='line_1_23' title="bbox 279 2277 1637 2361; baseline 0.004 -25"><span class='ocrx_word' id='word_1_172' title='bbox 279 2278 366 2354; x_wconf 83' lang='lat' dir='ltr'><strong>gulos</strong></span> <span class='ocrx_word' id='word_1_173' title='bbox 389 2297 453 2340; x_wconf 83' lang='lat' dir='ltr'><strong>esee</strong></span> <span class='ocrx_word' id='word_1_174' title='bbox 476 2280 628 2357; x_wconf 81' lang='lat' dir='ltr'><strong>aequales.</strong></span> <span class='ocrx_word' id='word_1_175' title='bbox 673 2281 784 2342; x_wconf 89' lang='lat' dir='ltr'><strong>Verum</strong></span> <span class='ocrx_word' id='word_1_176' title='bbox 805 2298 901 2361; x_wconf 90' lang='lat' dir='ltr'><strong>neque</strong></span> <span class='ocrx_word' id='word_1_177' title='bbox 923 2282 980 2343; x_wconf 89' lang='lat' dir='ltr'><strong>boc</strong></span> <span class='ocrx_word' id='word_1_178' title='bbox 1001 2298 1125 2360; x_wconf 81' lang='lat' dir='ltr'><strong>operosa</strong></span> <span class='ocrx_word' id='word_1_179' title='bbox 1149 2281 1262 2358; x_wconf 82' lang='lat' dir='ltr'><strong>indiget</strong></span> <span class='ocrx_word' id='word_1_180' title='bbox 1284 2284 1467 2360; x_wconf 85' lang='lat' dir='ltr'><strong>probatione,</strong></span> <span class='ocrx_word' id='word_1_181' title='bbox 1492 2285 1566 2361; x_wconf 87' lang='lat' dir='ltr'><strong>quia</strong></span> <span class='ocrx_word' id='word_1_182' title='bbox 1588 2277 1637 2343; x_wconf 66' lang='lat' dir='ltr'><strong>nel</strong></span> 
     </span>
     <span class='ocr_line' id='line_1_24' title="bbox 277 2367 1636 2449; baseline 0.003 -23"><span class='ocrx_word' id='word_1_183' title='bbox 277 2368 339 2426; x_wconf 90' lang='lat' dir='ltr'><strong>aine</strong></span> <span class='ocrx_word' id='word_1_184' title='bbox 369 2380 405 2426; x_wconf 84' lang='lat' dir='ltr'><strong>oa</strong></span> <span class='ocrx_word' id='word_1_185' title='bbox 435 2368 619 2430; x_wconf 88' lang='lat' dir='ltr'><strong>concedetur.</strong></span> <span class='ocrx_word' id='word_1_186' title='bbox 663 2367 786 2430; x_wconf 81' lang='lat' dir='ltr'><strong>Nomai</strong></span> <span class='ocrx_word' id='word_1_187' title='bbox 817 2370 920 2431; x_wconf 86' lang='lat' dir='ltr'><strong>eadem</strong></span> <span class='ocrx_word' id='word_1_188' title='bbox 951 2377 996 2431; x_wconf 87' lang='lat' dir='ltr'><strong>eet</strong></span> <span class='ocrx_word' id='word_1_189' title='bbox 1022 2369 1174 2430; x_wconf 80' lang='lat' dir='ltr'><strong>inclinatio</strong></span> <span class='ocrx_word' id='word_1_190' title='bbox 1197 2370 1348 2444; x_wconf 86' lang='lat' dir='ltr'><strong>binarum,</strong></span> <span class='ocrx_word' id='word_1_191' title='bbox 1377 2387 1454 2447; x_wconf 86' lang='lat' dir='ltr'><strong>quae</strong></span> <span class='ocrx_word' id='word_1_192' title='bbox 1479 2372 1636 2449; x_wconf 73' lang='lat' dir='ltr'><strong>oppositos</strong></span> 
     </span>
     <span class='ocr_line' id='line_1_25' title="bbox 275 2453 1636 2538; baseline 0.001 -25"><span class='ocrx_word' id='word_1_193' title='bbox 275 2453 465 2530; x_wconf 78' lang='lat' dir='ltr'><strong>constituunt,</strong></span> <span class='ocrx_word' id='word_1_194' title='bbox 488 2455 576 2516; x_wconf 89' lang='lat' dir='ltr'><strong>iidem</strong></span> <span class='ocrx_word' id='word_1_195' title='bbox 592 2465 676 2517; x_wconf 84' lang='lat' dir='ltr'><strong>erunt</strong></span> <span class='ocrx_word' id='word_1_196' title='bbox 691 2458 779 2518; x_wconf 86' lang='lat' dir='ltr'><strong>etiam</strong></span> <span class='ocrx_word' id='word_1_197' title='bbox 796 2456 906 2538; x_wconf 89' lang='lat' dir='ltr'><strong>anguli.</strong></span> <span class='ocrx_word' id='word_1_198' title='bbox 945 2458 1006 2519; x_wconf 88' lang='lat' dir='ltr'><strong>Cur</strong></span> <span class='ocrx_word' id='word_1_199' title='bbox 1020 2465 1120 2518; x_wconf 88' lang='lat' dir='ltr'><strong>autem</strong></span> <span class='ocrx_word' id='word_1_200' title='bbox 1135 2473 1193 2516; x_wconf 89' lang='lat' dir='ltr'><strong>nou</strong></span> <span class='ocrx_word' id='word_1_201' title='bbox 1210 2459 1248 2516; x_wconf 87' lang='lat' dir='ltr'><strong>eit</strong></span> <span class='ocrx_word' id='word_1_202' title='bbox 1262 2456 1366 2519; x_wconf 87' lang='lat' dir='ltr'><strong>eadem</strong></span> <span class='ocrx_word' id='word_1_203' title='bbox 1382 2457 1544 2533; x_wconf 86' lang='lat' dir='ltr'><strong>inclinatio,</strong></span> <span class='ocrx_word' id='word_1_204' title='bbox 1569 2475 1636 2518; x_wconf 90' lang='lat' dir='ltr'><strong>cum</strong></span> 
     </span>
     <span class='ocr_line' id='line_1_26' title="bbox 277 2540 1635 2622; baseline 0.004 -23"><span class='ocrx_word' id='word_1_205' title='bbox 277 2540 364 2600; x_wconf 86' lang='lat' dir='ltr'><strong>binae</strong></span> <span class='ocrx_word' id='word_1_206' title='bbox 386 2540 445 2600; x_wconf 82' lang='lat' dir='ltr'><strong>sini</strong></span> <span class='ocrx_word' id='word_1_207' title='bbox 467 2545 594 2603; x_wconf 86' lang='lat' dir='ltr'><strong>iuricern</strong></span> <span class='ocrx_word' id='word_1_208' title='bbox 616 2543 801 2621; x_wconf 78' lang='lat' dir='ltr'><strong>parallelae?</strong></span> <span class='ocrx_word' id='word_1_209' title='bbox 831 2545 864 2605; x_wconf 82' lang='lat' dir='ltr'><strong>Si</strong></span> <span class='ocrx_word' id='word_1_210' title='bbox 886 2547 952 2622; x_wconf 90' lang='lat' dir='ltr'><strong>quie</strong></span> <span class='ocrx_word' id='word_1_211' title='bbox 974 2552 1074 2605; x_wconf 85' lang='lat' dir='ltr'><strong>tamen</strong></span> <span class='ocrx_word' id='word_1_212' title='bbox 1097 2561 1156 2603; x_wconf 89' lang='lat' dir='ltr'><strong>uon</strong></span> <span class='ocrx_word' id='word_1_213' title='bbox 1179 2542 1280 2619; x_wconf 86' lang='lat' dir='ltr'><strong>credit,</strong></span> <span class='ocrx_word' id='word_1_214' title='bbox 1302 2547 1328 2605; x_wconf 85' lang='lat' dir='ltr'><strong>ia</strong></span> <span class='ocrx_word' id='word_1_215' title='bbox 1351 2552 1381 2605; x_wconf 85' lang='lat' dir='ltr'><strong>et</strong></span> <span class='ocrx_word' id='word_1_216' title='bbox 1404 2545 1635 2606; x_wconf 82' lang='lat' dir='ltr'><strong>demonstratio-</strong></span> 
     </span>
     <span class='ocr_line' id='line_1_27' title="bbox 276 2626 1635 2710; baseline 0.003 -24"><span class='ocrx_word' id='word_1_217' title='bbox 276 2644 343 2688; x_wconf 89' lang='lat' dir='ltr'><strong>nem</strong></span> <span class='ocrx_word' id='word_1_218' title='bbox 365 2626 488 2692; x_wconf 80' lang='lat' dir='ltr'><strong>babeat:</strong></span> <span class='ocrx_word' id='word_1_219' title='bbox 513 2647 551 2705; x_wconf 92' lang='lat' dir='ltr'><strong>m,</strong></span> <span class='ocrx_word' id='word_1_220' title='bbox 575 2631 677 2692; x_wconf 86' lang='lat' dir='ltr'><strong>lennt</strong></span> <span class='ocrx_word' id='word_1_221' title='bbox 699 2631 759 2693; x_wconf 90' lang='lat' dir='ltr'><strong>duo</strong></span> <span class='ocrx_word' id='word_1_222' title='bbox 781 2634 861 2705; x_wconf 87' lang='lat' dir='ltr'><strong>recti,</strong></span> <span class='ocrx_word' id='word_1_223' title='bbox 885 2651 910 2707; x_wconf 90' lang='lat' dir='ltr'><strong>a,</strong></span> <span class='ocrx_word' id='word_1_224' title='bbox 934 2633 953 2691; x_wconf 81' lang='lat' dir='ltr'>k</span> <span class='ocrx_word' id='word_1_225' title='bbox 975 2631 1087 2708; x_wconf 86' lang='lat' dir='ltr'><strong>itidem,</strong></span> <span class='ocrx_word' id='word_1_226' title='bbox 1110 2648 1181 2708; x_wconf 88' lang='lat' dir='ltr'><strong>ergo</strong></span> <span class='ocrx_word' id='word_1_227' title='bbox 1203 2649 1243 2707; x_wconf 89' lang='lat' dir='ltr'><strong>m,</strong></span> <span class='ocrx_word' id='word_1_228' title='bbox 1265 2633 1285 2706; x_wconf 87' lang='lat' dir='ltr'><strong>i,</strong></span> <span class='ocrx_word' id='word_1_229' title='bbox 1310 2650 1335 2707; x_wconf 92' lang='lat' dir='ltr'><strong>e,</strong></span> <span class='ocrx_word' id='word_1_230' title='bbox 1360 2633 1381 2692; x_wconf 80' lang='lat' dir='ltr'>k</span> <span class='ocrx_word' id='word_1_231' title='bbox 1402 2640 1530 2710; x_wconf 89' lang='lat' dir='ltr'><strong>quatuor</strong></span> <span class='ocrx_word' id='word_1_232' title='bbox 1552 2636 1635 2693; x_wconf 87' lang='lat' dir='ltr'><strong>recti.</strong></span> 
     </span>
     <span class='ocr_line' id='line_1_28' title="bbox 277 2711 1636 2798; baseline 0.003 -22"><span class='ocrx_word' id='word_1_233' title='bbox 277 2711 349 2776; x_wconf 83' lang='lat' dir='ltr'><strong>Jam</strong></span> <span class='ocrx_word' id='word_1_234' title='bbox 372 2731 410 2792; x_wconf 87' lang='lat' dir='ltr'><strong>m,</strong></span> <span class='ocrx_word' id='word_1_235' title='bbox 433 2717 454 2776; x_wconf 81' lang='lat' dir='ltr'>k</span> <span class='ocrx_word' id='word_1_236' title='bbox 474 2726 545 2778; x_wconf 86' lang='lat' dir='ltr'><strong>enut</strong></span> <span class='ocrx_word' id='word_1_237' title='bbox 566 2716 624 2780; x_wconf 91' lang='lat' dir='ltr'><strong>duo</strong></span> <span class='ocrx_word' id='word_1_238' title='bbox 648 2720 736 2786; x_wconf 87' lang='lat' dir='ltr'><strong>recti.</strong></span> <span class='ocrx_word' id='word_1_239' title='bbox 757 2719 867 2781; x_wconf 85' lang='lat' dir='ltr'><strong>tealdui</strong></span> <span class='ocrx_word' id='word_1_240' title='bbox 891 2722 981 2798; x_wconf 89' lang='lat' dir='ltr'><strong>igitur</strong></span> <span class='ocrx_word' id='word_1_241' title='bbox 1002 2720 1022 2794; x_wconf 91' lang='lat' dir='ltr'><strong>i,</strong></span> <span class='ocrx_word' id='word_1_242' title='bbox 1045 2737 1062 2780; x_wconf 85' lang='lat' dir='ltr'><strong>a</strong></span> <span class='ocrx_word' id='word_1_243' title='bbox 1088 2719 1240 2780; x_wconf 78' lang='lat' dir='ltr'><strong>interiores</strong></span> <span class='ocrx_word' id='word_1_244' title='bbox 1262 2727 1332 2780; x_wconf 90' lang='lat' dir='ltr'><strong>eunt</strong></span> <span class='ocrx_word' id='word_1_245' title='bbox 1354 2721 1480 2780; x_wconf 74' lang='lat' dir='ltr'><strong>reciderit</strong></span> <span class='ocrx_word' id='word_1_246' title='bbox 1503 2727 1522 2782; x_wconf 77' lang='lat'><strong>2</strong></span> <span class='ocrx_word' id='word_1_247' title='bbox 1545 2725 1636 2780; x_wconf 85' lang='lat' dir='ltr'><strong>raetia</strong></span> 
     </span>
     <span class='ocr_line' id='line_1_29' title="bbox 273 2804 1640 2950; baseline 0.003 -86"><span class='ocrx_word' id='word_1_248' title='bbox 273 2805 378 2880; x_wconf 86' lang='lat' dir='ltr'><strong>aequi,</strong></span> <span class='ocrx_word' id='word_1_249' title='bbox 406 2821 499 2950; x_wconf 55' lang='lat' dir='ltr'><strong>guare</strong></span> <span class='ocrx_word' id='word_1_250' title='bbox 522 2811 552 2869; x_wconf 82' lang='lat' dir='ltr'><strong>ct</strong></span> <span class='ocrx_word' id='word_1_251' title='bbox 574 2823 600 2881; x_wconf 89' lang='lat' dir='ltr'><strong>e,</strong></span> <span class='ocrx_word' id='word_1_252' title='bbox 624 2804 653 2882; x_wconf 89' lang='lat' dir='ltr'><strong>b,</strong></span> <span class='ocrx_word' id='word_1_253' title='bbox 684 2823 754 2884; x_wconf 77' lang='lat' dir='ltr'><strong>ergo</strong></span> <span class='ocrx_word' id='word_1_254' title='bbox 783 2809 872 2885; x_wconf 87' lang='lat' dir='ltr'><strong>aequi</strong></span> <span class='ocrx_word' id='word_1_255' title='bbox 895 2807 915 2886; x_wconf 87' lang='lat' dir='ltr'><strong>i,</strong></span> <span class='ocrx_word' id='word_1_256' title='bbox 937 2825 955 2869; x_wconf 88' lang='lat' dir='ltr'><strong>a</strong></span> <span class='ocrx_word' id='word_1_257' title='bbox 976 2815 1006 2870; x_wconf 92' lang='lat' dir='ltr'><strong>et</strong></span> <span class='ocrx_word' id='word_1_258' title='bbox 1029 2823 1053 2878; x_wconf 88' lang='lat' dir='ltr'><strong>e,</strong></span> <span class='ocrx_word' id='word_1_259' title='bbox 1076 2807 1114 2884; x_wconf 80' lang='lat' dir='ltr'><strong>b3</strong></span> <span class='ocrx_word' id='word_1_260' title='bbox 1143 2821 1367 2876; x_wconf 76' lang='lat' dir='ltr'><strong>aommnncme</strong></span> <span class='ocrx_word' id='word_1_261' title='bbox 1389 2810 1501 2884; x_wconf 83' lang='lat' dir='ltr'><strong>eximo,</strong></span> <span class='ocrx_word' id='word_1_262' title='bbox 1530 2809 1640 2886; x_wconf 84' lang='lat' dir='ltr'><strong>argui</strong></span> 
     </span>
     <span class='ocr_line' id='line_1_30' title="bbox 273 2898 435 2969; baseline 0 -17"><span class='ocrx_word' id='word_1_263' title='bbox 273 2898 385 2969; x_wconf 83' lang='lat' dir='ltr'><strong>aequat</strong></span> <span class='ocrx_word' id='word_1_264' title='bbox 428 2937 435 2952; x_wconf 90' lang='lat'><strong>.</strong></span> 
     </span>
    </p>

    <p class='ocr_par' dir='ltr' id='par_1_9' title="bbox 275 2977 1636 3497">
     <span class='ocr_line' id='line_1_31' title="bbox 379 2977 1636 3060; baseline 0.005 -24"><span class='ocrx_word' id='word_1_265' title='bbox 379 2977 472 3040; x_wconf 87' lang='lat' dir='ltr'><strong>Porro</strong></span> <span class='ocrx_word' id='word_1_266' title='bbox 496 2977 585 3042; x_wconf 85' lang='lat' dir='ltr'><strong>ducta</strong></span> <span class='ocrx_word' id='word_1_267' title='bbox 607 2979 764 3055; x_wconf 85' lang='lat' dir='ltr'><strong>diametro,</strong></span> <span class='ocrx_word' id='word_1_268' title='bbox 787 2980 881 3058; x_wconf 87' lang='lat' dir='ltr'><strong>dgura</strong></span> <span class='ocrx_word' id='word_1_269' title='bbox 903 2979 982 3042; x_wconf 86' lang='lat' dir='ltr'><strong>cadit</strong></span> <span class='ocrx_word' id='word_1_270' title='bbox 1009 2982 1039 3042; x_wconf 89' lang='lat' dir='ltr'><strong>in</strong></span> <span class='ocrx_word' id='word_1_271' title='bbox 1063 2979 1122 3042; x_wconf 93' lang='lat' dir='ltr'><strong>dno</strong></span> <span class='ocrx_word' id='word_1_272' title='bbox 1144 2980 1300 3058; x_wconf 79' lang='lat' dir='ltr'><strong>triangula,</strong></span> <span class='ocrx_word' id='word_1_273' title='bbox 1323 2998 1401 3059; x_wconf 88' lang='lat' dir='ltr'><strong>quae</strong></span> <span class='ocrx_word' id='word_1_274' title='bbox 1423 2982 1535 3060; x_wconf 80' lang='lat' dir='ltr'><strong>figurae</strong></span> <span class='ocrx_word' id='word_1_275' title='bbox 1557 2999 1636 3060; x_wconf 90' lang='lat' dir='ltr'><strong>qua-</strong></span> 
     </span>
     <span class='ocr_line' id='line_1_32' title="bbox 277 3065 1636 3146; baseline 0.005 -21"><span class='ocrx_word' id='word_1_276' title='bbox 277 3073 345 3125; x_wconf 86' lang='lat' dir='ltr'><strong>tuor</strong></span> <span class='ocrx_word' id='word_1_277' title='bbox 366 3066 492 3144; x_wconf 88' lang='lat' dir='ltr'><strong>auguloa</strong></span> <span class='ocrx_word' id='word_1_278' title='bbox 516 3065 678 3144; x_wconf 88' lang='lat' dir='ltr'><strong>aequaliter</strong></span> <span class='ocrx_word' id='word_1_279' title='bbox 699 3071 775 3130; x_wconf 87' lang='lat' dir='ltr'><strong>inter</strong></span> <span class='ocrx_word' id='word_1_280' title='bbox 796 3085 828 3130; x_wconf 85' lang='lat' dir='ltr'><strong>ae</strong></span> <span class='ocrx_word' id='word_1_281' title='bbox 850 3071 1031 3146; x_wconf 84' lang='lat' dir='ltr'><strong>partiuntur,</strong></span> <span class='ocrx_word' id='word_1_282' title='bbox 1061 3076 1094 3128; x_wconf 84' lang='lat' dir='ltr'><strong>ut</strong></span> <span class='ocrx_word' id='word_1_283' title='bbox 1121 3068 1244 3146; x_wconf 85' lang='lat' dir='ltr'><strong>elngulia</strong></span> <span class='ocrx_word' id='word_1_284' title='bbox 1276 3066 1337 3131; x_wconf 90' lang='lat' dir='ltr'><strong>dun</strong></span> <span class='ocrx_word' id='word_1_285' title='bbox 1367 3071 1438 3130; x_wconf 84' lang='lat' dir='ltr'><strong>recti</strong></span> <span class='ocrx_word' id='word_1_286' title='bbox 1463 3071 1636 3132; x_wconf 79' lang='lat' dir='ltr'><strong>obteniant.</strong></span> 
     </span>
     <span class='ocr_line' id='line_1_33' title="bbox 277 3150 1636 3235; baseline 0.005 -23"><span class='ocrx_word' id='word_1_287' title='bbox 277 3150 363 3228; x_wconf 87' lang='lat' dir='ltr'><strong>Quod</strong></span> <span class='ocrx_word' id='word_1_288' title='bbox 379 3162 413 3214; x_wconf 90' lang='lat' dir='ltr'><strong>ut</strong></span> <span class='ocrx_word' id='word_1_289' title='bbox 434 3155 589 3230; x_wconf 87' lang='lat' dir='ltr'><strong>probetur,</strong></span> <span class='ocrx_word' id='word_1_290' title='bbox 613 3154 783 3228; x_wconf 85' lang='lat' dir='ltr'><strong>notandum,</strong></span> <span class='ocrx_word' id='word_1_291' title='bbox 807 3155 990 3232; x_wconf 87' lang='lat' dir='ltr'><strong>diametrum,</strong></span> <span class='ocrx_word' id='word_1_292' title='bbox 1012 3159 1038 3218; x_wconf 87' lang='lat' dir='ltr'><strong>el</strong></span> <span class='ocrx_word' id='word_1_293' title='bbox 1053 3156 1238 3233; x_wconf 85' lang='lat' dir='ltr'><strong>producatur,</strong></span> <span class='ocrx_word' id='word_1_294' title='bbox 1260 3173 1361 3218; x_wconf 83' lang='lat' dir='ltr'><strong>nccare</strong></span> <span class='ocrx_word' id='word_1_295' title='bbox 1380 3157 1548 3235; x_wconf 79' lang='lat' dir='ltr'><strong>parallelae,</strong></span> <span class='ocrx_word' id='word_1_296' title='bbox 1575 3176 1636 3235; x_wconf 90' lang='lat' dir='ltr'><strong>qno</strong></span> 
     </span>
     <span class='ocr_line' id='line_1_34' title="bbox 275 3239 1635 3322; baseline 0.004 -24"><span class='ocrx_word' id='word_1_297' title='bbox 275 3240 305 3298; x_wconf 93' lang='lat' dir='ltr'><strong>ln</strong></span> <span class='ocrx_word' id='word_1_298' title='bbox 329 3257 400 3302; x_wconf 85' lang='lat' dir='ltr'><strong>caen</strong></span> <span class='ocrx_word' id='word_1_299' title='bbox 422 3240 525 3318; x_wconf 85' lang='lat' dir='ltr'><strong>anguli</strong></span> <span class='ocrx_word' id='word_1_300' title='bbox 547 3239 675 3316; x_wconf 69' lang='grc' dir='ltr'><strong><em>ἐναλλαξ</em></strong></span> <span class='ocrx_word' id='word_1_301' title='bbox 697 3251 869 3320; x_wconf 85' lang='lat' dir='ltr'><strong>aequantur,</strong></span> <span class='ocrx_word' id='word_1_302' title='bbox 892 3243 970 3308; x_wconf 87' lang='lat' dir='ltr'><strong>unde</strong></span> <span class='ocrx_word' id='word_1_303' title='bbox 984 3246 1125 3321; x_wconf 81' lang='lat' dir='ltr'><strong>requitur,</strong></span> <span class='ocrx_word' id='word_1_304' title='bbox 1149 3243 1289 3320; x_wconf 79' lang='lat' dir='ltr'><strong>trianguli</strong></span> <span class='ocrx_word' id='word_1_305' title='bbox 1311 3247 1342 3302; x_wconf 93' lang='lat' dir='ltr'><strong>in</strong></span> <span class='ocrx_word' id='word_1_306' title='bbox 1357 3245 1635 3322; x_wconf 86' lang='lat' dir='ltr'><strong>parallelogrammu</strong></span> 
     </span>
     <span class='ocr_line' id='line_1_35' title="bbox 276 3327 1635 3410; baseline 0.006 -24"><span class='ocrx_word' id='word_1_307' title='bbox 276 3334 335 3388; x_wconf 77' lang='lat' dir='ltr'><strong>nee</strong></span> <span class='ocrx_word' id='word_1_308' title='bbox 357 3327 482 3406; x_wconf 86' lang='lat' dir='ltr'><strong>anguloa</strong></span> <span class='ocrx_word' id='word_1_309' title='bbox 504 3327 645 3406; x_wconf 89' lang='lat' dir='ltr'><strong>aequalea</strong></span> <span class='ocrx_word' id='word_1_310' title='bbox 668 3346 734 3392; x_wconf 83' lang='lat' dir='ltr'><strong>eaeo</strong></span> <span class='ocrx_word' id='word_1_311' title='bbox 756 3328 872 3392; x_wconf 79' lang='lat' dir='ltr'><strong>duobus</strong></span> <span class='ocrx_word' id='word_1_312' title='bbox 893 3334 988 3393; x_wconf 82' lang='lat' dir='ltr'><strong>rectit.</strong></span> <span class='ocrx_word' id='word_1_313' title='bbox 1034 3329 1129 3392; x_wconf 89' lang='lat' dir='ltr'><strong>Omne</strong></span> <span class='ocrx_word' id='word_1_314' title='bbox 1152 3347 1223 3393; x_wconf 86' lang='lat' dir='ltr'><strong>raro</strong></span> <span class='ocrx_word' id='word_1_315' title='bbox 1251 3332 1430 3408; x_wconf 84' lang='lat' dir='ltr'><strong>triangulum</strong></span> <span class='ocrx_word' id='word_1_316' title='bbox 1452 3337 1635 3410; x_wconf 85' lang='lat' dir='ltr'><strong>geminatum</strong></span> 
     </span>
     <span class='ocr_line' id='line_1_36' title="bbox 276 3413 1633 3497; baseline 0.005 -23"><span class='ocrx_word' id='word_1_317' title='bbox 276 3413 336 3475; x_wconf 91' lang='lat' dir='ltr'><strong>dat</strong></span> <span class='ocrx_word' id='word_1_318' title='bbox 349 3415 673 3495; x_wconf 81' lang='lat' dir='ltr'><strong>parallelogrammum:</strong></span> <span class='ocrx_word' id='word_1_319' title='bbox 697 3434 783 3479; x_wconf 89' lang='lat' dir='ltr'><strong>omne</strong></span> <span class='ocrx_word' id='word_1_320' title='bbox 804 3421 894 3497; x_wconf 86' lang='lat' dir='ltr'><strong>igitur</strong></span> <span class='ocrx_word' id='word_1_321' title='bbox 915 3419 1005 3481; x_wconf 89' lang='lat' dir='ltr'><strong>babet</strong></span> <span class='ocrx_word' id='word_1_322' title='bbox 1027 3427 1085 3480; x_wconf 83' lang='lat' dir='ltr'><strong>trae</strong></span> <span class='ocrx_word' id='word_1_323' title='bbox 1099 3413 1225 3496; x_wconf 78' lang='lat' dir='ltr'><strong>angulos</strong></span> <span class='ocrx_word' id='word_1_324' title='bbox 1239 3419 1379 3497; x_wconf 74' lang='lat' dir='ltr'><strong>aequales</strong></span> <span class='ocrx_word' id='word_1_325' title='bbox 1395 3419 1511 3484; x_wconf 86' lang='lat' dir='ltr'><strong>duobnt</strong></span> <span class='ocrx_word' id='word_1_326' title='bbox 1534 3424 1633 3482; x_wconf 81' lang='lat' dir='ltr'><strong>rectia.</strong></span> 
     </span>
    </p>
   </div>
   <div class='ocr_carea' id='block_1_8' title="bbox 274 3703 1636 3896">
    <p class='ocr_par' dir='ltr' id='par_1_10' title="bbox 274 3703 1636 3896">
     <span class='ocr_line' id='line_1_37' title="bbox 274 3703 1636 3810; baseline 0.007 -20"><span class='ocrx_word' id='word_1_327' title='bbox 274 3730 329 3790; x_wconf 77' lang='lat' dir='ltr'><strong>Art</strong></span> <span class='ocrx_word' id='word_1_328' title='bbox 350 3731 599 3804; x_wconf 70' lang='lat' dir='ltr'><strong>musculorum</strong></span> <span class='ocrx_word' id='word_1_329' title='bbox 629 3733 789 3795; x_wconf 80' lang='lat' dir='ltr'><strong>doctrine</strong></span> <span class='ocrx_word' id='word_1_330' title='bbox 809 3749 870 3805; x_wconf 84' lang='lat' dir='ltr'><strong>pet·</strong></span> <span class='ocrx_word' id='word_1_331' title='bbox 898 3735 1127 3810; x_wconf 82' lang='lat' dir='ltr'><strong>eexiplanium</strong></span> <span class='ocrx_word' id='word_1_332' title='bbox 1150 3703 1395 3808; x_wconf 74' lang='lat' dir='ltr'><strong>compendium</strong></span> <span class='ocrx_word' id='word_1_333' title='bbox 1421 3739 1512 3798; x_wconf 79' lang='lat' dir='ltr'><strong>tradi</strong></span> <span class='ocrx_word' id='word_1_334' title='bbox 1534 3744 1572 3799; x_wconf 80' lang='lat' dir='ltr'><strong>ei</strong></span> <span class='ocrx_word' id='word_1_335' title='bbox 1593 3753 1636 3800; x_wconf 84' lang='lat' dir='ltr'><strong>ax</strong></span> 
     </span>
     <span class='ocr_line' id='line_1_38' title="bbox 597 3821 1304 3896; baseline 0.003 -16"><span class='ocrx_word' id='word_1_336' title='bbox 597 3821 777 3892; x_wconf 77' lang='lat' dir='ltr'><strong>sphaerico</strong></span> <span class='ocrx_word' id='word_1_337' title='bbox 797 3823 835 3882; x_wconf 89' lang='lat' dir='ltr'><strong>in</strong></span> <span class='ocrx_word' id='word_1_338' title='bbox 856 3825 996 3895; x_wconf 86' lang='lat' dir='ltr'><strong>planum</strong></span> <span class='ocrx_word' id='word_1_339' title='bbox 1019 3824 1149 3888; x_wconf 87' lang='lat' dir='ltr'><strong>deduci</strong></span> <span class='ocrx_word' id='word_1_340' title='bbox 1170 3823 1304 3896; x_wconf 73' lang='lat' dir='ltr'><strong>possiet</strong></span> 
     </span>
    </p>
   </div>
   <div class='ocr_carea' id='block_1_9' title="bbox 274 3937 1634 4541">
    <p class='ocr_par' dir='ltr' id='par_1_11' title="bbox 274 3937 1634 4192">
     <span class='ocr_line' id='line_1_39' title="bbox 382 3937 1328 4022; baseline 0.006 -22"><span class='ocrx_word' id='word_1_341' title='bbox 382 3944 409 4000; x_wconf 88' lang='lat'><strong>1.</strong></span> <span class='ocrx_word' id='word_1_342' title='bbox 432 3937 610 4001; x_wconf 83' lang='lat' dir='ltr'><strong>Hexalidron</strong></span> <span class='ocrx_word' id='word_1_343' title='bbox 632 3939 779 4004; x_wconf 87' lang='lat' dir='ltr'><strong>clauditur</strong></span> <span class='ocrx_word' id='word_1_344' title='bbox 799 3958 852 4004; x_wconf 82' lang='lat' dir='ltr'><strong>eux</strong></span> <span class='ocrx_word' id='word_1_345' title='bbox 874 3942 1082 4020; x_wconf 83' lang='lat' dir='ltr'><strong>auperdciabue</strong></span> <span class='ocrx_word' id='word_1_346' title='bbox 1106 3943 1328 4022; x_wconf 72' lang='lat' dir='ltr'><strong>quadrangulis.</strong></span> 
     </span>
     <span class='ocr_line' id='line_1_40' title="bbox 295 4026 1634 4174; baseline 0.008 -87"><span class='ocrx_word' id='word_1_347' title='bbox 295 4111 304 4174; x_wconf 69' lang='lat'>¹</span> <span class='ocrx_word' id='word_1_348' title='bbox 379 4032 409 4088; x_wconf 76' lang='lat'><strong>2.</strong></span> <span class='ocrx_word' id='word_1_349' title='bbox 432 4026 539 4088; x_wconf 77' lang='lat' dir='ltr'><strong>&#39;I&#39;rlbua</strong></span> <span class='ocrx_word' id='word_1_350' title='bbox 562 4029 786 4106; x_wconf 86' lang='lat' dir='ltr'><strong>quiburcunque</strong></span> <span class='ocrx_word' id='word_1_351' title='bbox 808 4031 923 4107; x_wconf 76' lang='lat' dir='ltr'><strong>punctio</strong></span> <span class='ocrx_word' id='word_1_352' title='bbox 944 4032 1063 4108; x_wconf 80' lang='lat' dir='ltr'><strong>potilio,</strong></span> <span class='ocrx_word' id='word_1_353' title='bbox 1094 4033 1212 4110; x_wconf 88' lang='lat' dir='ltr'><strong>ponitur</strong></span> <span class='ocrx_word' id='word_1_354' title='bbox 1234 4037 1353 4095; x_wconf 88' lang='lat' dir='ltr'><strong>unicum</strong></span> <span class='ocrx_word' id='word_1_355' title='bbox 1376 4035 1560 4114; x_wconf 85' lang='lat' dir='ltr'><strong>triangulum</strong></span> <span class='ocrx_word' id='word_1_356' title='bbox 1583 4053 1634 4098; x_wconf 79' lang='lat' dir='ltr'><strong>aec</strong></span> 
     </span>
     <span class='ocr_line' id='line_1_41' title="bbox 274 4129 404 4192; baseline 0.015 -18"><span class='ocrx_word' id='word_1_357' title='bbox 274 4129 404 4192; x_wconf 79' lang='lat' dir='ltr'><strong>panum.</strong></span> 
     </span>
    </p>

    <p class='ocr_par' dir='ltr' id='par_1_12' title="bbox 378 4199 1569 4286">
     <span class='ocr_line' id='line_1_42' title="bbox 378 4199 1569 4286; baseline 0.008 -22"><span class='ocrx_word' id='word_1_358' title='bbox 378 4207 407 4264; x_wconf 82' lang='lat' dir='ltr'><strong>e.</strong></span> <span class='ocrx_word' id='word_1_359' title='bbox 432 4199 566 4277; x_wconf 86' lang='lat' dir='ltr'><strong>Quatuor</strong></span> <span class='ocrx_word' id='word_1_360' title='bbox 588 4204 703 4278; x_wconf 79' lang='lat' dir='ltr'><strong>punctio</strong></span> <span class='ocrx_word' id='word_1_361' title='bbox 726 4204 755 4262; x_wconf 92' lang='lat' dir='ltr'><strong>in</strong></span> <span class='ocrx_word' id='word_1_362' title='bbox 778 4201 882 4264; x_wconf 81' lang='lat' dir='ltr'><strong>cedern</strong></span> <span class='ocrx_word' id='word_1_363' title='bbox 902 4203 1025 4280; x_wconf 86' lang='lat' dir='ltr'><strong>planitie</strong></span> <span class='ocrx_word' id='word_1_364' title='bbox 1047 4207 1162 4283; x_wconf 83' lang='lat' dir='ltr'><strong>puritia,</strong></span> <span class='ocrx_word' id='word_1_365' title='bbox 1185 4211 1304 4286; x_wconf 86' lang='lat' dir='ltr'><strong>punitur</strong></span> <span class='ocrx_word' id='word_1_366' title='bbox 1324 4209 1569 4286; x_wconf 86' lang='lat' dir='ltr'><strong>quadrilaterum.</strong></span> 
     </span>
    </p>

    <p class='ocr_par' dir='ltr' id='par_1_13' title="bbox 382 4286 1580 4376">
     <span class='ocr_line' id='line_1_43' title="bbox 382 4286 1580 4376; baseline 0.01 -27"><span class='ocrx_word' id='word_1_367' title='bbox 382 4295 411 4352; x_wconf 80' lang='lat'><strong>4.</strong></span> <span class='ocrx_word' id='word_1_368' title='bbox 435 4286 570 4364; x_wconf 73' lang='lat' dir='ltr'><strong>Quacum</strong></span> <span class='ocrx_word' id='word_1_369' title='bbox 593 4292 707 4366; x_wconf 76' lang='lat' dir='ltr'><strong>punctio</strong></span> <span class='ocrx_word' id='word_1_370' title='bbox 728 4306 788 4350; x_wconf 89' lang='lat' dir='ltr'><strong>non</strong></span> <span class='ocrx_word' id='word_1_371' title='bbox 811 4292 841 4352; x_wconf 93' lang='lat' dir='ltr'><strong>in</strong></span> <span class='ocrx_word' id='word_1_372' title='bbox 863 4289 966 4354; x_wconf 88' lang='lat' dir='ltr'><strong>cadem</strong></span> <span class='ocrx_word' id='word_1_373' title='bbox 989 4293 1110 4370; x_wconf 86' lang='lat' dir='ltr'><strong>planitie</strong></span> <span class='ocrx_word' id='word_1_374' title='bbox 1132 4297 1237 4371; x_wconf 86' lang='lat' dir='ltr'><strong>poeitie</strong></span> <span class='ocrx_word' id='word_1_375' title='bbox 1259 4299 1378 4376; x_wconf 87' lang='lat' dir='ltr'><strong>ponitur</strong></span> <span class='ocrx_word' id='word_1_376' title='bbox 1400 4297 1580 4361; x_wconf 77' lang='lat' dir='ltr'><strong>tenaddron.</strong></span> 
     </span>
    </p>

    <p class='ocr_par' dir='ltr' id='par_1_14' title="bbox 274 4373 1633 4541">
     <span class='ocr_line' id='line_1_44' title="bbox 381 4373 1633 4462; baseline 0.009 -27"><span class='ocrx_word' id='word_1_377' title='bbox 381 4381 409 4438; x_wconf 79' lang='lat'><strong>5.</strong></span> <span class='ocrx_word' id='word_1_378' title='bbox 434 4373 571 4451; x_wconf 85' lang='lat' dir='ltr'><strong>Quinque</strong></span> <span class='ocrx_word' id='word_1_379' title='bbox 593 4379 708 4453; x_wconf 86' lang='lat' dir='ltr'><strong>punctia</strong></span> <span class='ocrx_word' id='word_1_380' title='bbox 730 4393 788 4437; x_wconf 92' lang='lat' dir='ltr'><strong>non</strong></span> <span class='ocrx_word' id='word_1_381' title='bbox 811 4380 841 4436; x_wconf 88' lang='lat' dir='ltr'><strong>iu</strong></span> <span class='ocrx_word' id='word_1_382' title='bbox 863 4377 978 4439; x_wconf 85' lang='lat' dir='ltr'><strong>duabue</strong></span> <span class='ocrx_word' id='word_1_383' title='bbox 993 4380 1171 4459; x_wconf 78' lang='lat' dir='ltr'><strong>planitiebus</strong></span> <span class='ocrx_word' id='word_1_384' title='bbox 1193 4386 1307 4460; x_wconf 84' lang='lat' dir='ltr'><strong>poeitie,</strong></span> <span class='ocrx_word' id='word_1_385' title='bbox 1331 4387 1451 4462; x_wconf 86' lang='lat' dir='ltr'><strong>ponitur</strong></span> <span class='ocrx_word' id='word_1_386' title='bbox 1465 4386 1633 4454; x_wconf 71' lang='lat' dir='ltr'><strong>baxaidron</strong></span> 
     </span>
     <span class='ocr_line' id='line_1_45' title="bbox 274 4460 944 4541; baseline 0.006 -19"><span class='ocrx_word' id='word_1_387' title='bbox 274 4463 462 4541; x_wconf 84' lang='lat' dir='ltr'><strong>triangulare,</strong></span> <span class='ocrx_word' id='word_1_388' title='bbox 486 4460 634 4523; x_wconf 85' lang='lat' dir='ltr'><strong>dlvieibilc</strong></span> <span class='ocrx_word' id='word_1_389' title='bbox 656 4465 687 4522; x_wconf 93' lang='lat' dir='ltr'><strong>iu</strong></span> <span class='ocrx_word' id='word_1_390' title='bbox 710 4460 768 4523; x_wconf 91' lang='lat' dir='ltr'><strong>duo</strong></span> <span class='ocrx_word' id='word_1_391' title='bbox 791 4463 944 4526; x_wconf 74' lang='lat' dir='ltr'><strong>tetraddra.</strong></span> 
     </span>
    </p>
   </div>
   <div class='ocr_carea' id='block_1_10' title="bbox 275 4548 1634 4720">
    <p class='ocr_par' dir='ltr' id='par_1_15' title="bbox 275 4548 1634 4720">
     <span class='ocr_line' id='line_1_46' title="bbox 376 4548 1634 4640; baseline 0.009 -28"><span class='ocrx_word' id='word_1_392' title='bbox 376 4555 405 4612; x_wconf 90' lang='grc'><strong>6.</strong></span> <span class='ocrx_word' id='word_1_393' title='bbox 427 4549 487 4610; x_wconf 85' lang='lat' dir='ltr'><strong>Sex</strong></span> <span class='ocrx_word' id='word_1_394' title='bbox 508 4552 624 4626; x_wconf 81' lang='lat' dir='ltr'><strong>punctio</strong></span> <span class='ocrx_word' id='word_1_395' title='bbox 645 4551 688 4610; x_wconf 86' lang='lat' dir='ltr'><strong>alc</strong></span> <span class='ocrx_word' id='word_1_396' title='bbox 709 4548 869 4628; x_wconf 84' lang='lat' dir='ltr'><strong>diepoeitie,</strong></span> <span class='ocrx_word' id='word_1_397' title='bbox 893 4560 925 4612; x_wconf 92' lang='lat' dir='ltr'><strong>nt</strong></span> <span class='ocrx_word' id='word_1_398' title='bbox 947 4564 1089 4631; x_wconf 84' lang='lat' dir='ltr'><strong>quaterna</strong></span> <span class='ocrx_word' id='word_1_399' title='bbox 1100 4559 1132 4616; x_wconf 93' lang='lat' dir='ltr'><strong>in</strong></span> <span class='ocrx_word' id='word_1_400' title='bbox 1147 4556 1240 4619; x_wconf 82' lang='lat' dir='ltr'><strong>tribue</strong></span> <span class='ocrx_word' id='word_1_401' title='bbox 1254 4559 1315 4620; x_wconf 82' lang='lat' dir='ltr'><strong>eint</strong></span> <span class='ocrx_word' id='word_1_402' title='bbox 1329 4558 1528 4638; x_wconf 74' lang='lat' dir='ltr'><strong>planitiebus,</strong></span> <span class='ocrx_word' id='word_1_403' title='bbox 1546 4563 1634 4640; x_wconf 86' lang='lat' dir='ltr'><strong>poul-</strong></span> 
     </span>
     <span class='ocr_line' id='line_1_47' title="bbox 275 4636 1125 4720; baseline 0.007 -24"><span class='ocrx_word' id='word_1_404' title='bbox 275 4641 322 4696; x_wconf 87' lang='lat' dir='ltr'><strong>tur</strong></span> <span class='ocrx_word' id='word_1_405' title='bbox 344 4639 453 4716; x_wconf 87' lang='lat' dir='ltr'><strong>priema</strong></span> <span class='ocrx_word' id='word_1_406' title='bbox 474 4653 527 4697; x_wconf 82' lang='lat' dir='ltr'><strong>teu</strong></span> <span class='ocrx_word' id='word_1_407' title='bbox 549 4636 739 4714; x_wconf 75' lang='lat' dir='ltr'><strong>pantaenou,</strong></span> <span class='ocrx_word' id='word_1_408' title='bbox 761 4637 832 4698; x_wconf 88' lang='lat' dir='ltr'><strong>bina</strong></span> <span class='ocrx_word' id='word_1_409' title='bbox 852 4639 946 4702; x_wconf 82' lang='lat' dir='ltr'><strong>ironic</strong></span> <span class='ocrx_word' id='word_1_410' title='bbox 968 4642 1125 4720; x_wconf 85' lang='lat' dir='ltr'><strong>triangula</strong></span> 
     </span>
    </p>
   </div>
   <div class='ocr_carea' id='block_1_11' title="bbox 276 4713 1632 4892">
    <p class='ocr_par' dir='ltr' id='par_1_16' title="bbox 276 4713 1632 4892">
     <span class='ocr_line' id='line_1_48' title="bbox 378 4713 1632 4815; baseline 0.01 -31"><span class='ocrx_word' id='word_1_411' title='bbox 378 4731 406 4786; x_wconf 80' lang='lat' dir='ltr'><strong>t.</strong></span> <span class='ocrx_word' id='word_1_412' title='bbox 430 4721 505 4784; x_wconf 90' lang='lat' dir='ltr'><strong>Octo</strong></span> <span class='ocrx_word' id='word_1_413' title='bbox 527 4727 644 4803; x_wconf 79' lang='lat' dir='ltr'><strong>punctio</strong></span> <span class='ocrx_word' id='word_1_414' title='bbox 665 4727 708 4786; x_wconf 86' lang='lat' dir='ltr'><strong>eic</strong></span> <span class='ocrx_word' id='word_1_415' title='bbox 731 4721 890 4803; x_wconf 73' lang='lat' dir='ltr'><strong>dispertita,</strong></span> <span class='ocrx_word' id='word_1_416' title='bbox 913 4733 946 4788; x_wconf 90' lang='lat' dir='ltr'><strong>ut</strong></span> <span class='ocrx_word' id='word_1_417' title='bbox 959 4733 1175 4807; x_wconf 86' lang='lat' dir='ltr'><strong>qnatematint</strong></span> <span class='ocrx_word' id='word_1_418' title='bbox 1190 4713 1221 4791; x_wconf 81' lang='lat' dir='ltr'><strong>ln</strong></span> <span class='ocrx_word' id='word_1_419' title='bbox 1234 4731 1417 4812; x_wconf 85' lang='lat' dir='ltr'><strong>planitiebue</strong></span> <span class='ocrx_word' id='word_1_420' title='bbox 1432 4737 1523 4814; x_wconf 83' lang='lat' dir='ltr'><strong>aonia,</strong></span> <span class='ocrx_word' id='word_1_421' title='bbox 1545 4737 1632 4815; x_wconf 89' lang='lat' dir='ltr'><strong>poul-</strong></span> 
     </span>
     <span class='ocr_line' id='line_1_49' title="bbox 276 4807 769 4892; baseline 0.004 -20"><span class='ocrx_word' id='word_1_422' title='bbox 276 4814 322 4872; x_wconf 84' lang='lat' dir='ltr'><strong>tur</strong></span> <span class='ocrx_word' id='word_1_423' title='bbox 342 4807 510 4874; x_wconf 77' lang='lat' dir='ltr'><strong>betabdrou</strong></span> <span class='ocrx_word' id='word_1_424' title='bbox 532 4810 769 4892; x_wconf 82' lang='lat' dir='ltr'><strong>quadrilaterum.</strong></span> 
     </span>
    </p>
   </div>
   <div class='ocr_carea' id='block_1_12' title="bbox 0 0 1704 5426">
    <p class='ocr_par' dir='ltr' id='par_1_17' title="bbox 0 0 1704 5426">
     <span class='ocr_line' id='line_1_50' title="bbox 0 0 1704 5426; baseline 0 0"><span class='ocrx_word' id='word_1_425' title='bbox 0 0 1704 5426; x_wconf 95' lang='lat' dir='ltr'><strong> </strong></span> 
     </span>
    </p>
   </div>
  </div>
 </body>
</html>
