3398 5426
249 1915 253 1928 ’
293 1911 353 2030 lc
387 1912 576 2028 lionae
610 1913 778 2056 ivitati
823 1902 1031 2030 tractatu
1066 1917 1120 2032 le
1156 1911 1296 2032 ruis
1333 1918 1443 2032 luni
1478 1915 1680 2034 lumb..

797 2107 862 2182 (th
881 2109 940 2166 Vol.
959 2109 1004 2164 IV·
1024 2128 1049 2182 a·
1070 2111 1140 2182 113.)

397 2413 518 2487 Fervet,
542 2420 575 2473 ιιι
597 2413 698 2488 video,
722 2413 850 2474 studium
872 2411 1108 2488 chronologicum
1132 2420 1161 2472 et
1184 2413 1302 2471 omnino
1325 2412 1434 2487 lervet;
1467 2427 1527 2486 quo
1550 2414 1650 2486 magis

293 2501 446 2577 ignoscent
467 2502 538 2560 mihi
561 2519 696 2562 censores
718 2505 790 2574 mei,
815 2500 893 2578 quod
916 2510 946 2562 et
968 2517 1023 2577 ego
1046 2499 1156 2560 dolium
1179 2499 1237 2559 hoc
1258 2515 1353 2560 verso.
1390 2498 1492 2559 Edidit
1513 2507 1584 2558 ante
1602 2501 1649 2557 bi-

294 2590 411 2648 ennium
434 2587 596 2650 Tbomas
615 2589 749 2667 Lydiat
772 2591 894 2667 duglas,
917 2591 964 2648 vir
978 2590 1079 2648 doetus
1096 2597 1125 2647 et
1139 2587 1273 2663 diligens,
1298 2586 1397 2662 edidit,
1422 2589 1555 2663 inquam,
1578 2605 1650 2646 sen·

293 2678 414 2734 tentiam
437 2676 625 2752 paradoxum,
649 2683 682 2736 ut
703 2678 811 2736 ietctur
833 2679 905 2754 lpse,
929 2676 1075 2736 Christum
1097 2681 1198 2735 natum
1221 2691 1286 2734 esse
1309 2690 1386 2735 anno
1403 2680 1433 2735 3.
1454 2691 1546 2734 acrae
1562 2674 1650 2733 Chri-

292 2765 406 2822 stianae
429 2772 558 2841 tempore
581 2781 681 2837 verno,
704 2765 883 2841 baptisatam
899 2771 1039 2824 autumno
1055 2779 1140 2823 aerae
1163 2769 1281 2822 nostrae
1303 2779 1381 2822 anno
1399 2769 1450 2837 32,
1475 2762 1648 2822 crucifixum

294 2868 370 2910 anno
396 2857 446 2912 36.
471 2869 555 2911 acrae
579 2862 705 2924 nostrae,
729 2853 834 2911 aetatis
858 2858 908 2914 33.
933 2851 1087 2927 completo.

398 2936 466 2998 Jam
493 2940 582 3014 igitur
609 2941 686 2999 circa
715 2940 901 2998 nativitatem
925 2940 943 2998 8
967 2942 1035 2996 anni
1064 2938 1264 3014 disputantur,
1296 2939 1373 2996 eirea
1400 2936 1593 3012 baptisimum
1619 2944 1648 3010 4,

293 3024 369 3083 circa
391 3027 557 3101 passionem
582 3027 610 3087 6.
656 3025 735 3102 Quid
757 3026 902 3102 agemus?
940 3023 1064 3102 Opinor,
1094 3027 1223 3085 rationes
1246 3026 1302 3083 viri
1326 3023 1403 3083 docti
1426 3024 1648 3100 expendendas,

292 3129 327 3171 ae
349 3115 374 3171 si
397 3114 499 3172 vicerit
515 3115 560 3186 iis,
583 3113 777 3189 sequendum,
800 3115 845 3172 ein
861 3112 955 3186 aliud,
980 3112 1221 3173 hallucinationes
1244 3113 1307 3188 ejus
1331 3109 1527 3188 detegendam
1558 3111 1648 3188 idque

294 3199 366 3256 mibi
389 3202 701 3276 potissinrum'eenseo
723 3200 901 3274 iaciendum,
933 3203 983 3276 qui
1012 3216 1069 3258 non
1099 3202 1195 3258 minus
1226 3198 1384 3260 absurdam
1409 3197 1504 3276 vulgo
1528 3198 1648 3259 delendi

294 3289 478 3361 sententiam,
503 3306 589 3364 qnam
613 3287 662 3348 ille
685 3291 841 3364 (quantum
864 3289 940 3347 euim
963 3287 1012 3353 ille
1035 3286 1140 3349 demsit
1161 3289 1251 3347 aetati
1267 3285 1375 3346 Christi
1397 3284 1490 3360 vulgo
1506 3285 1647 3358 creditae,

293 3381 406 3434 tantum
430 3391 486 3452 ego
509 3373 630 3451 addidi),
654 3385 687 3435 ut
710 3393 745 3434 ex
769 3375 926 3435 collatione
949 3377 1091 3434 rationum
1115 3379 1266 3450 appareat,
1290 3376 1382 3432 nnius
1397 3372 1570 3432 absurditas
1594 3392 1649 3434 ex·

293 3464 475 3522 cusationem
503 3470 660 3538 mereatur,
691 3463 768 3524 unde
797 3473 875 3522 stent
902 3464 1030 3523 rationes
1060 3469 1090 3523 ct
1119 3463 1294 3536 necessitas,
1326 3459 1404 3520 unde
1431 3461 1589 3522 arbitrium
1619 3469 1649 3521 et

293 3551 462 3610 ostentatio.
1065 3607 1070 3614 .

397 3635 520 3696 Videtur
543 3637 598 3695 lroc
621 3637 684 3713 ipse
710 3635 858 3712 postulare
881 3643 995 3710 auctor,
1024 3638 1074 3713 qui
1096 3635 1245 3712 profitetur
1267 3637 1297 3692 in
1320 3640 1437 3710 aperto,
1465 3651 1499 3694 sa
1521 3634 1649 3711 Kepleri

294 3725 461 3799 opinionem
477 3723 651 3785 confutasse.
691 3724 855 3784 Videndum
872 3726 960 3800 igitur
981 3741 1050 3785 num
1072 3723 1210 3799 legitime,
1234 3729 1267 3782 ut
1288 3723 1417 3799 palmum
1441 3721 1486 3780 illi
1510 3725 1648 3782 veritatis

292 3813 430 3870 inventae
454 3809 555 3870 cedam
578 3812 760 3871 consessione
781 3813 917 3887 ingenua.
949 3810 1034 3885 erod
1058 3812 1174 3870 nisime
1196 3808 1273 3890 fallit
1294 3811 1443 3885 ingenium
1466 3808 1549 3868 illius
1567 3811 1647 3884 mali,

294 3899 344 3972 qui
367 3898 462 3957 latens
485 3899 639 3958 intervenit
663 3907 694 3958 ut
716 3899 783 3958 liliis
807 3898 871 3968 Dei,
895 3900 937 3956 sic
959 3900 1045 3958 etiarn
1069 3897 1176 3972 studiis¹
1196 3898 1314 3970 sanctis,
1338 3895 1368 3954 id
1390 3899 1496 3972 agitur,
1519 3905 1554 3956 ut
1579 3916 1650 3958 vera

293 3982 345 4043 sed
368 3985 464 4044 audax
488 3988 515 4043 in
532 3988 658 4061 speeiem
674 3987 818 4046 sententia
834 3987 998 4059 offuscetur,
1023 3985 1217 4059 obnubiletur,
1241 3987 1271 4042 in
1286 3991 1465 4045 contemtum
1481 3983 1650 4044 adducatur

294 4071 381 4130 simili
404 4072 538 4148 andacia,
562 4073 612 4131 sed
637 4074 665 4131 in
689 4075 834 4132 scrutantis
857 4089 914 4130 non
938 4089 1020 4144 vcra,
1045 4089 1085 4135 sc.
1110 4080 1142 4132 ut
1160 4074 1205 4132 sic
1226 4073 1436 4132 ratiocinantur
1459 4071 1589 4132 studiosi
1613 4091 1648 4132 ex

293 4159 390 4236 logica
413 4159 612 4236 depravatoris
636 4159 729 4220 illius:
753 4159 871 4237 Lydiati
893 4163 1037 4220 sententia
1059 4159 1211 4237 paradoxa
1233 4166 1311 4220 certo
1334 4159 1410 4218 salsa
1433 4167 1493 4234 est,
1523 4159 1649 4237 Kepleri

293 4249 439 4307 sententia
461 4255 506 4307 est
529 4249 593 4324 ipsa
616 4250 703 4307 etiarn
726 4247 883 4324 paradoxa,
908 4265 976 4322 ergo
1000 4250 1133 4308 similiter
1154 4247 1239 4306 salsa.

398 4334 444 4395 De
466 4333 532 4394 libri
557 4335 684 4396 editione
705 4343 879 4395 monuerunt
907 4352 953 4392 me
977 4337 1063 4394 amici
1092 4335 1146 4394 sub
1175 4335 1286 4393 exitum
1315 4334 1384 4393 anni
1412 4334 1575 4410 superioris
1602 4337 1649 4406 td,

294 4421 443 4497 exemplar
464 4439 534 4482 vero
559 4421 695 4482 Calendis
720 4423 833 4482 dearum
858 4421 1035 4498 Septembris
1058 4417 1146 4498 hujus
1169 4421 1419 4497 anni15.Praga
1442 4439 1507 4481 sum
1532 4431 1648 4482 nactus.

398 4507 517 4585 Keplcri
547 4512 719 4570 sententiam
750 4508 881 4586 appellat
908 4507 1091 4570 Jesnitieam.
1144 4508 1175 4568 st
1206 4509 1442 4568 anathematicum
1475 4509 1648 4570 facultatem

294 4595 436 4671 respicio,
465 4596 584 4673 perinde
609 4598 683 4656 milri
714 4599 759 4656 lest
781 4596 953 4656 Jesuitieam
984 4597 1062 4657 dieat
1084 4613 1122 4657 an
1144 4596 1357 4668 Baronianam,
1387 4595 1590 4656 Lutberanam
1611 4615 1648 4655 an

294 4681 508 4744 Celsinianum.
553 4683 622 4744 Jarn
652 4683 761 4743 dudum
791 4699 846 4758 ego
874 4684 1006 4745 homines
1037 4684 1151 4760 ejurari
1174 4685 1385 4760 veritatemque
1416 4687 1536 4743 tamin
1561 4685 1647 4744 rebus

295 4765 363 4827 fidei
386 4787 474 4846 quam
496 4773 527 4829 in
556 4772 643 4832 rebus
666 4771 756 4830 seculi
788 4772 876 4829 etiam
905 4771 1102 4848 particulatim
1126 4780 1279 4847 acceptare
1303 4769 1421 4832 decrevi
1450 4771 1649 4848 undecunque

297 4854 435 4920 oblatam.
479 4857 529 4919 Sin
553 4866 652 4921 autern
674 4859 827 4920 atrocitate
849 4859 1022 4936 facinorum,
1054 4875 1130 4936 quac
1157 4859 1362 4920 nemobonus
1385 4875 1445 4918 non
1475 4858 1648 4934 detestatur,
