3478 5424
363 434 370 446 ’
457 441 545 501 Notus
564 445 598 501 ad
617 443 802 532 appendicem¹
820 421 1083 515 Selenogrspbicam.
1393 430 1443 517 ¹(59
1498 478 1500 488 =

196 617 230 675 V
249 619 425 691 Apparentie
451 615 575 676 Vicissim
593 637 642 692 per
654 621 805 679 maculosas
823 627 915 692 partes
934 603 1086 693 superficiei
1104 619 1206 678 lunaris
1223 620 1297 679 linea
1316 622 1444 680 sectionis
1520 655 1524 670 ·

13 711 16 784 1,
96 696 233 768 trajiciens
251 715 319 770 pnre
336 706 412 756 recta
429 707 479 756 ιιι

13 837 15 852 ,
92 855 155 912 Μ
195 777 241 834 tt
260 777 334 848 Ergo
351 779 474 836 maculae
492 779 587 835 Lunae
612 785 676 836 sunt
698 779 848 850 aequabilis
872 788 900 836 ιι
916 779 1036 852 perlecta
1060 780 1190 851 globosis
1208 743 1362 855 superficiei
1380 799 1443 854 par·

13 893 16 930 ,
157 871 201 912 ae

13 985 16 1060 i
92 1016 186 1074 Lunae
199 1017 378 1074 illuminatam
394 1021 480 1076 ιιιιιι
491 1022 623 1090 qinacdam
642 1021 787 1076 umbrosas
799 1037 834 1074 ex
846 1021 1022 1090 inconspicua
1040 1021 1225 1090 Lunae‘parte
1243 1031 1442 1093 procurrentes,

91 1111 159 1164 quae
178 1097 300 1152 maculas
318 1099 476 1168 apartibus
495 1116 561 1168 pure
579 1100 676 1156 lucidis
695 1102 772 1172 qnasi
790 1101 957 1156 rescindunt.

13 1171 16 1186 '
195 1177 268 1231 VIII
286 1178 362 1247 Ergo
379 1178 448 1235 radii
467 1180 537 1236 Solis
555 1180 708 1235 illuminant
727 1189 753 1235 et
772 1187 864 1249 partes
883 1179 986 1234 lucidas
1011 1187 1038 1234 et
1062 1184 1153 1248 partes
1176 1178 1330 1234 macrolosas
1360 1166 1398 1234 cis
1417 1187 1445 1234 ιι

13 1287 19 1351 ,
91 1253 331 1390 ultrassnliasrnmzs
347 1256 532 1314 umbrosasin
550 1259 837 1330 semissetllumsnato
856 1260 1068 1328 regionemvero
1084 1259 1443 1330 earn,quannr1matransrt

13 1367 14 1370 =
91 1349 143 1389 uon
194 1350 303 1389 umsnsn

194 1414 244 1469 IX.
264 1414 317 1470 Sed
335 1431 384 1484 per
402 1416 437 1472 II.
456 1415 563 1471 lucidae
582 1426 645 1473 sunt
663 1417 742 1487 altae,
761 1418 916 1474 maculosae
936 1417 1095 1487 depressae:
1115 1433 1179 1486 ergo
1197 1417 1280 1472 simne
1299 1417 1363 1471 illae
1382 1423 1445 1473 sunt

196 937 258 994 VII.
276 939 455 1010 apparentis.
489 941 604 1010 Quando
624 909 708 996 ιιιιιο
727 955 777 1012 per
794 940 913 996 maculas
931 939 1100 1009 traducitur,
1110 948 1243 1012 apparent
1254 943 1326 998 rutra
1337 949 1443 1013 partem
1549 1007 1550 1016 ,

13 1511 15 1574 ᾗ
91 1492 154 1548 nssril
182 1493 257 1549 alind
275 1509 355 1564 quam
382 1497 477 1551 umbra
494 1495 659 1566 lucidarum,
686 1511 736 1552 ceu
753 1497 884 1554 montium
911 1505 960 1553 aut
977 1498 1097 1567 litorum,
1122 1498 1246 1569 projecta
1264 1497 1291 1551 in
1309 1498 1444 1552 maculam
1533 1517 1539 1525 ·

13 1601 15 1646 ?
92 1581 219 1644 tanquam
239 1573 379 1644 planitiem
396 1581 446 1629 ant
463 1590 571 1643 aequor.

13 1649 15 1724 j
194 1653 228 1708 X
248 1653 424 1722 apparentia.
454 1655 485 1708 ln
509 1661 587 1722 parte
606 1655 702 1710 Lunae
720 1657 869 1712 crescentis
894 1655 1069 1724 inconspicua
1092 1669 1187 1711 sersus
1213 1655 1360 1710 sectionem
1385 1669 1441 1709 cer-

13 1747 15 1800 ;
90 1740 192 1788 ιιιιιι
210 1741 314 1802 puncta
330 1733 430 1794 lucida,
449 1749 519 1802 quac
537 1733 617 1804 lapsu
629 1736 735 1804 aliquot
746 1736 874 1792 horarum
883 1736 956 1792 iiuot
974 1736 1096 1804 clariora,
1116 1735 1202 1790 donec
1215 1733 1369 1790 coalescant
1383 1751 1444 1789 cum

13 1819 15 1880 ς
90 1819 167 1881 porta
186 1811 338 1867 illuminata
355 1813 428 1881 apud
446 1813 543 1870 lineam
562 1815 703 1885 sectionis,
729 1821 757 1870 et
779 1825 844 1871 tunc
862 1821 990 1886 apparet,
1016 1813 1087 1884 quod
1105 1812 1152 1867 illa
1169 1819 1271 1884 puncta
1288 1813 1442 1882 pertineant

13 1883 15 1900 '
89 1889 123 1943 ad
139 1895 249 1959 partem
267 1891 362 1945 Lunae
381 1890 506 1958 lucidam,
524 1907 578 1946 non
597 1893 632 1948 ad
650 1895 778 1952 maculas

13 1971 14 1980 ‘
191 1969 243 2023 XI
262 1969 335 2038 Ergo
354 1983 465 2024 necesse
484 1975 534 2034 ιιι,
550 1987 585 2026 ex
604 1986 636 2026 ιι
654 1981 732 2042 parte
750 1974 910 2042 superchei,
930 1987 1000 2042 quae
1018 1988 1035 2026 a
1052 1971 1135 2027 radiis
1154 1971 1223 2027 Solis
1242 1970 1361 2026 nondum
1380 1987 1443 2026 con·

13 2043 15 2104 t
89 2047 216 2116 tingitur,
236 2063 382 2117 exsurgere
400 2049 492 2118 apices
510 2050 642 2121 aliquos'
634 2069 662 2107 ιι
680 2061 784 2108 tantam
803 2054 994 2119 altitudinem,
1012 2051 1076 2105 atii
1096 2068 1112 2104 a
1129 2051 1212 2105 radiis
1232 2050 1303 2105 Solis
1322 2049 1443 2118 contingi

13 2145 15 2156 =
90 2126 206 2195 possint,
225 2133 253 2183 et
270 2143 377 2184 ιιιιιιιι
395 2128 482 2183 omnin
504 2129 552 2186 illa
570 2131 668 2188 riciuia
691 2133 763 2188 circa
780 2132 850 2188 tales
868 2133 959 2202 apices
979 2130 1111 2186 elevatior
1134 2139 1176 2186 est
1193 2137 1271 2202 parte
1290 2130 1444 2200 superficiei

13 2243 14 2248 κ
90 2205 239 2263 maculosa.

13 2287 15 2362 ,
194 2286 259 2343 XII.
276 2287 451 2358 AppareutIa.
466 2355 469 2362 Ι
482 2287 558 2356 Quae
576 2289 649 2345 dicta
668 2294 732 2344 sunt
749 2305 820 2345 num.
838 2289 860 2344 l.
880 2295 908 2344 et
926 2289 985 2343 Vll.
1016 2289 1055 2342 sic
1078 2287 1318 2358 deprehenduntur
1341 2295 1399 2341 tam
1416 2289 1443 2342 ιι

13 2367 15 2444 ,
88 2363 175 2430 prima
205 2365 322 2434 quadra,
350 2381 431 2434 quam
448 2365 477 2420 in
494 2366 602 2436 ultima,
626 2369 698 2423 eirca
716 2369 830 2423 eundem
848 2383 959 2424 numero
977 2365 1125 2432 maculam,
1153 2383 1202 2436 per
1224 2381 1305 2434 qnam
1328 2375 1444 2436 utraque

13 2475 15 2512 3
89 2445 243 2500 sectionum
263 2447 367 2512 transit,
386 2461 511 2516 quaeque
530 2459 579 2500 suo
598 2453 729 2515 tempore,
748 2447 915 2517 inpartibus
934 2455 1025 2503 tamen
1044 2445 1103 2514 ejus
1122 2445 1263 2514 oppositis.

193 2525 269 2579 XIII.
288 2525 363 2594 Ergo
375 2525 482 2580 macula
495 2523 625 2594 depressa
636 2539 686 2596 per
697 2527 731 2595 ll,
751 2532 779 2582 et
792 2526 942 2594 aequabilis
957 2541 1007 2597 per
1016 2525 1063 2594 VI,
1082 2523 1200 2578 ambitur
1212 2523 1331 2592 undique
1344 2521 1442 2579 lucidis

88 2600 151 2657 altis
169 2602 237 2671 (per
253 2602 295 2672 Π)
313 2610 342 2658 ιι
358 2605 463 2679 asperis
482 2605 545 2673 (per
562 2603 623 2670 IV).

13 2677 15 2742 ζ
194 2681 268 2736 XIV.
287 2683 464 2751 Apparentic.
493 2683 524 2737 ln
543 2683 654 2740 semisse
672 2683 822 2740 illuminato
834 2681 931 2755 ‘prope
950 2683 1098 2738 sectionem
1121 2683 1232 2737 crebrae
1251 2685 1441 2754 apparent'lu-

88 2762 169 2818 nulus
189 2775 240 2816 seu
257 2760 343 2817 falces
360 2760 515 2832 umbrosae,
541 2761 667 2818 cornibus
691 2764 775 2818 versis
800 2779 893 2818 tersus
917 2762 1016 2818 lineam
1035 2763 1171 2817 sectionis.
1208 2761 1246 2816 Et
1261 2763 1315 2818 Illis
1335 2765 1442 2833 quidem

13 2829 14 2836 ¹
87 2841 225 2896 umbrosis
244 2841 420 2896 obvertuntur
437 2841 521 2906 veluti
538 2841 622 2896 falces
640 2841 783 2911 oppositae
801 2827 928 2898 coinibna
947 2842 1090 2910 contiguis,
1110 2841 1220 2896 lumInis
1243 2844 1328 2912 magis
1347 2844 1442 2915 saturi,

13 2923 15 2988 ζ
89 2935 171 2990 quam
191 2925 236 2974 ιιι
253 2916 388 2994 reliquum
406 2921 592 2976 circumstans.

13 3013 16 3068 ς
194 2997 255 3052 XV.
273 2997 347 3066 Ergo
365 2998 393 3052 in
410 2998 560 3054 illuminato
584 3001 696 3055 semisse
714 3007 778 3055 sunt
796 2999 857 3054 loca
875 2997 1043 3054 circulariter
1061 2999 1209 3068 depressa,
1235 3015 1284 3055 seu
1302 2999 1442 3070 caritates,

13 3087 15 3170 ἐ
89 3091 159 3145 quae
179 3093 197 3131 a
216 3077 299 3132 radiis
318 3078 390 3134 Solis
409 3080 697 3150 contingioneqnonna
720 3095 754 3135 ex
773 3089 850 3151 parte
869 3093 968 3146 ,versus
988 3079 1092 3148 Solem,
1116 3094 1229 3148 quornm
1253 3077 1359 3147 reliqna
1381 3094 1445 3149 pars

88 3155 227 3225 caritatis,
256 3171 326 3224 qnae
351 3163 394 3212 est
415 3171 509 3213 versus
533 3161 681 3214 sectionem
704 3160 802 3229 ardua,
828 3160 930 3214 rectius
949 3157 1075 3228 objicitur
1098 3157 1181 3212 radiis
1200 3156 1270 3212 Solis
1293 3158 1445 3227 foedusque
1535 3153 1538 3162 ⁴

13 3223 15 3292 ἶ
86 3233 269 3303 illuminatur,
288 3251 368 3304 quam
387 3236 492 3306 reliqua
510 3237 628 3292 exterior
645 3237 779 3308 planities.

13 3303 17 3374 ἶ
194 3313 268 3370 XVI.
288 3317 463 3386 apparentia.
494 3318 613 3386 Insignis
632 3325 674 3371 est
686 3317 880 3389 magnitudinis
898 3316 962 3374 talis
975 3315 1031 3371 Ialx
1049 3316 1146 3380 lucida,
1166 3315 1292 3372 cornibus
1311 3316 1445 3384 attingens

87 3391 175 3461 ipsam
194 3393 296 3448 liueam
315 3394 457 3461 sectionis,
483 3397 525 3450 cni
545 3397 692 3468 opponitur
709 3397 866 3467 superficies
891 3397 971 3466 gibba
989 3398 1117 3451 umbroso
1140 3397 1168 3449 in
1191 3401 1269 3465 parte
1288 3395 1444 3467 illuminata,

13 3475 15 3482 '
88 3473 166 3540 qnasi
186 3473 283 3528 cieculi
300 3474 360 3542 lege
379 3489 413 3528 ex
432 3489 464 3529 ea
482 3477 588 3546 excisa3
616 3485 643 3532 et
666 3484 730 3533 snut
751 3477 803 3532 bae
822 3475 1008 3533 distinctiones
1032 3477 1100 3531 lucis
1125 3483 1153 3532 et
1177 3474 1286 3531 umbrae
1305 3475 1443 3530 circularis

13 3567 15 3630 3
87 3559 262 3620 permutatae
281 3552 309 3607 in
327 3553 438 3622 quadris
457 3555 599 3624 oppositis.

13 3695 15 3704 ,
193 3630 282 3686 XVII.
301 3631 375 3701 Ergo
394 3633 474 3688 etiam
492 3636 519 3688 iu
538 3635 650 3690 semisse
667 3633 842 3704 inconspicua
868 3641 911 3690 est
931 3634 1032 3690 cavitas
1058 3649 1107 3690 seu
1131 3633 1210 3688 fovea
1232 3634 1341 3700 ingens,
1366 3633 1444 3704 cujus

87 3707 205 3779 labrum,
223 3725 319 3766 versus
332 3710 421 3766 Solem
434 3714 565 3768 curvitate
578 3729 627 3768 sna
640 3729 793 3782 excurrens,
811 3713 920 3782 projicit
939 3713 1059 3768 umbram
1078 3713 1106 3766 iu
1125 3712 1238 3766 fundum
1251 3711 1357 3781 fossae3
1376 3710 1445 3766 labri

13 3809 15 3852 ι
87 3802 152 3842 sero
172 3788 304 3854 semissis,
323 3805 340 3845 a
358 3790 420 3845 Sole
438 3808 600 3861 procurrens
619 3792 646 3847 iu
665 3791 805 3848 semissem
823 3793 1036 3863 inconspicuum,
1054 3791 1159 3846 rudium
1179 3789 1248 3844 Solis
1268 3790 1376 3861 excipit,
1397 3791 1445 3846 ad·

88 3867 202 3922 missum
223 3883 273 3936 per
290 3868 393 3923 biatum
412 3886 460 3925 ιιιι
480 3874 683 3934 excasationem
702 3873 771 3927 labri
789 3873 915 3942 oppositi

13 3967 15 4018 f
195 3949 296 4004 XVIII.
315 3949 420 4004 Causae
438 3965 523 4018 penes
541 3967 591 4008 nos
606 3951 754 4023 terricolas,
775 3969 844 4021 quae
857 3949 1027 4021 superficiem
1040 3949 1141 4006 Terras
1154 3948 1279 4016 formant,
1298 3954 1362 4004 sunt
1380 3949 1444 4004 duo·

13 4047 15 4098 7
87 4045 147 4085 rum
168 4043 307 4098 generum.
344 4030 413 4085 Nam
436 4029 560 4087 formatio
584 4031 653 4088 haec
675 4031 717 4086 sel
736 4048 752 4087 a
770 4037 858 4086 mento
882 4040 938 4101 est,
961 4037 993 4085 ut
1016 4029 1104 4085 cultus
1130 4045 1271 4098 agrorum,
1296 4031 1444 4085 exstructio

13 4111 15 4176 Γ
87 4110 336 4178 munimentorum,
356 4109 485 4166 derivatio
503 4110 657 4179 fluminum
680 4110 722 4166 sei
741 4127 757 4165 a
774 4119 848 4165 motu
868 4109 1074 4177 elementorum,
1099 4109 1145 4162 ubi
1165 4109 1309 4177 qualitates
1329 4108 1444 4165 elemen-

13 4181 15 4218 ι
88 4197 192 4258 torum,
214 4205 284 4259 quae
303 4191 389 4246 motui
407 4197 433 4245 et
451 4191 683 4260 transfigurationi
702 4191 767 4247 dunt
786 4191 968 4253 occasionem,
987 4195 1052 4243 sunt
1064 4188 1209 4242 humiditas
1223 4197 1250 4242 et
1263 4187 1378 4252 siccitas,
1398 4189 1445 4243 du·

13 4261 15 4308 ³
87 4269 166 4324 rities
192 4276 222 4322 et
244 4267 396 4323 friabilitas.
433 4269 551 4325 Humida
574 4270 643 4324 enirn
669 4270 790 4326 defluunt
814 4271 841 4324 iu
866 4268 926 4324 loca
949 4273 1041 4323 centro
1066 4267 1167 4320 Terrae
1189 4266 1331 4335 viciniora,
1359 4267 1444 4321 donec

13 4373 14 4376 ι
90 4349 204 4404 venunt
223 4347 258 4402 ad
277 4363 418 4403 commune
436 4350 632 4419 aequilibrium,
651 4351 725 4406 sicca
742 4357 854 4420 propter
873 4363 958 4417 aquas
976 4345 1100 4400 labentes
1117 4344 1219 4413 posita,
1240 4359 1309 4412 quae
1328 4344 1444 4413 duriora,

88 4427 259 4482 durabiliora
283 4433 359 4496 sunt,
387 4443 456 4502 quae
479 4429 603 4484 molliora
626 4431 668 4483 rel
687 4429 818 4491 friabilis,
836 4427 966 4500 paulatim
985 4424 1123 4479 fatiscunt.
1159 4423 1292 4492 Exemplo
1311 4431 1372 4477 ntur
1390 4424 1444 4477 evi-

13 4529 14 4572 3
89 4508 174 4564 denti.
208 4507 333 4576 Quaeris,
352 4508 412 4576 quis
431 4497 514 4563 ιοιιιι
532 4507 594 4563 ιιιοι
608 4508 780 4574 exstruxerit,
801 4507 936 4577 dispersos
949 4520 999 4575 per
1011 4517 1120 4570 campos
1133 4501 1284 4563 Bobemiae,
1303 4519 1358 4572 qua
1370 4502 1444 4570 regio

13 4579 14 4646 f
88 4587 262 4642 reducitur'
253 4600 280 4639 tn
301 4592 444 4654 angustum
459 4602 556 4642 sersus
574 4594 679 4640 montes
698 4585 812 4640 Misniae
832 4587 1023 4640 conterminos
1048 4582 1076 4638 Si
1089 4597 1123 4636 ex
1141 4580 1213 4636 edito
1231 4587 1321 4635 monte
1339 4581 1444 4644 longin-

13 4657 16 4720 ἓ
89 4681 145 4735 quo
165 4664 266 4719 seriem
285 4679 377 4717 eorum
396 4665 549 4734 aspexeris,
575 4663 675 4719 dixeris
695 4665 839 4734 Gigantum
864 4683 932 4735 opus
952 4672 978 4720 et
996 4661 1080 4718 veluti
1098 4667 1270 4716 monumenta
1288 4661 1444 4730 sepulchro·

13 4763 15 4816 j
89 4759 151 4799 rum
171 4757 242 4798 esse.
278 4743 372 4797 ninam
398 4759 448 4814 ego
473 4751 619 4800 auctorem.
658 4745 732 4800 Albis
750 4744 920 4814 bonusest,
948 4745 994 4813 qui
1015 4751 1134 4796 meatum
1157 4747 1252 4795 nactus
1271 4755 1321 4808 per
1337 4747 1444 4794 montes

13 4833 15 4904 4
88 4823 215 4888 inferius,
234 4823 351 4879 subinde
369 4821 502 4893 depressit
521 4823 714 4892 excusavitque
735 4839 811 4878 suum
830 4823 943 4878 alveum.
973 4823 1069 4888 Longa
1086 4823 1160 4875 actos
1180 4825 1229 4874 est.
1249 4833 1326 4889 quae,
1344 4817 1444 4873 crebris

13 4935 14 4942 ι
88 4903 223 4960 imbribus
242 4903 392 4974 superfusis
409 4903 503 4975 pingui
520 4901 617 4973 glebae
633 4901 751 4972 regionis
776 4901 948 4972 campestris.
971 4899 1101 4971 paulatim
1126 4913 1184 4955 sano
1203 4898 1270 4954 eluit
1290 4907 1444 4970 terramque
1475 4923 1476 4931 ι
