3436 5416
367 427 400 484 In
418 425 529 486 Libnrm
545 426 686 484 Plutarchi
704 426 738 483 de
755 367 837 484 Facio
854 427 883 482 in
901 423 974 484 Orbe
990 426 1094 484 Lunae.
1339 427 1403 512 117

1 602 6 611 ⁴
56 604 171 676 praedas
189 620 274 677 agens
292 612 322 663 et
338 621 458 664 suerum.
495 604 549 662 Sed
565 605 661 662 fabula
677 597 798 661 fabulam
816 604 896 675 parit
929 603 974 660 Ex
992 621 1024 661 eo
1043 604 1113 661 anim
1136 604 1179 662 leo
1197 606 1249 662 iste
1266 604 1404 664 ferebatur

57 689 89 745 de
106 689 203 744 Lunae
227 684 329 743 circulo
348 686 529 742 descendisse.
566 686 620 742 Sed
636 685 777 764 Plutarchi
799 687 883 742 rerba
900 691 977 754 sunt,
1001 692 1126 743 amotos
1142 687 1246 757 macas
1263 687 1401 746 deodatae

56 766 197 836 emarus
215 781 279 836 ergo
297 765 343 821 elii
361 765 481 821 fabulam
500 766 572 834 apud
590 765 692 835 primos
710 771 844 824 auctores.

1 900 2 914 ,
156 847 202 904 78.
221 843 385 902 Plutarchus
403 861 465 900 cum
482 844 596 900 Theona
614 859 664 899 suo
688 844 802 900 totidem
819 845 848 901 in
865 845 944 901 Luna
961 852 1086 902 numerat
1103 849 1238 915 aestates,
1261 852 1328 916 quot
1351 860 1401 916 ego

1 991 2 994 Ἴ
55 926 187 983 somniavi
206 926 264 982 dias
283 925 358 998 (quia
375 925 456 980 unice
473 925 576 982 lunaris
594 923 652 980 dies
670 924 822 995 quindecim
840 928 976 980 nostrates
989 924 1047 998 dies
1064 923 1232 994 totidemque
1249 933 1342 983 noctes
1360 932 1404 982 est

55 1006 157 1078 lenm),
175 1007 288 1063 totidem
306 1006 418 1074 hiemes,
438 1013 505 1076 quot
522 1019 572 1072 ego
591 1009 692 1060 noctes.
723 1002 793 1059 Nam
811 1002 858 1057 illa
870 1002 1030 1074 differentia,
1049 1002 1084 1059 ob
1102 1020 1184 1074 quam
1201 1011 1257 1060 tres
1275 1021 1325 1074 ego
1344 1005 1402 1061 dies

53 1085 232 1144 eduodecim
253 1086 306 1142 ieci
329 1086 461 1153 aestivos,
488 1083 637 1157 perexigua
659 1090 702 1139 ast
724 1090 753 1138 et
774 1080 875 1138 nullius
899 1097 969 1152 pene
991 1084 1129 1142 momenti.
1165 1084 1246 1153 Quod
1266 1099 1331 1139 sero
1354 1087 1401 1162 ait,

52 1167 169 1238 maala
186 1167 323 1223 mutabas
340 1163 474 1234 (intellige
491 1165 672 1228 nostratibus)
699 1163 790 1220 Solem
806 1163 863 1219 tilis
878 1164 941 1232 fieri
962 1165 1117 1220 amulam
1138 1163 1169 1218 ia
1182 1164 1348 1232 pieatlaaio,
1373 1164 1402 1220 id

53 1259 102 1312 ego
121 1245 163 1300 sic
181 1247 320 1316 expressi:
345 1243 441 1300 mediis
465 1242 690 1300 subvolvanorum
708 1239 798 1298 Solem
817 1241 965 1298 consistere
988 1241 1017 1298 in
1034 1240 1135 1296 vortice
1158 1241 1186 1295 iu
1208 1256 1259 1295 suo
1282 1241 1401 1298 meridie.

1 1393 3 1398 y
53 1325 133 1396 Quod
151 1325 236 1390 addit,
252 1326 457 1392 stationarium,
475 1319 603 1390 intellige,
624 1319 774 1378 solstitialis
793 1320 879 1374 nostri
897 1319 967 1375 Solis
986 1319 1120 1376 aemulum
1137 1319 1166 1374 iu
1183 1319 1293 1376 tuendis
1311 1321 1400 1386 terris,

51 1407 78 1462 in
96 1421 176 1460 mora
195 1405 298 1461 scilicet
315 1419 397 1474 super
416 1401 549 1472 capitibus
575 1415 626 1471 per
648 1399 705 1456 dies
730 1398 833 1469 aliquot
857 1399 1016 1465 continuos,
1042 1399 1113 1458 sicut
1130 1413 1214 1468 panes
1232 1414 1283 1454 noa
1300 1399 1328 1454 iu
1347 1399 1401 1456 sol·

55 1482 131 1540 stitio
149 1490 275 1538 moratur
291 1481 338 1538 Sol
355 1483 385 1537 in
401 1480 449 1535 illa
467 1496 516 1536 sua
533 1495 632 1548 magna
649 1479 805 1547 altitudine,
823 1494 873 1549 per
891 1478 948 1534 dies
967 1477 1060 1536 itidem
1079 1477 1195 1548 aliquam
1213 1478 1326 1550 multos,
1352 1480 1402 1536 sad

52 1577 98 1617 eos
122 1561 250 1616 noctibus
271 1559 422 1616 intercisos.
458 1558 518 1615 iioc
541 1558 606 1614 dicit
629 1558 688 1615 fieri
709 1560 741 1614 ia
759 1559 927 1629 plenilunio,
950 1558 979 1613 id
997 1564 1040 1615 est
1058 1557 1165 1628 quando
1189 1573 1240 1614 nos
1257 1557 1401 1616 terricolae

1 1647 2 1650 ’
50 1641 160 1698 leimam
178 1640 287 1710 plenam
305 1638 438 1696 ridemus.
630 1689 633 1696 .

156 1721 202 1779 79.
220 1720 392 1776 Tahacumae
408 1717 538 1776 hodierno
557 1732 609 1774 usu
626 1715 813 1773 notissimum?
840 1733 875 1774 sn
892 1715 966 1776 illam
984 1718 1102 1776 radicem
1117 1717 1214 1776 Betsle
1236 1718 1336 1774 mcum
1353 1717 1398 1774 In·

1 1798 3 1802 ’
51 1799 111 1856 diae
130 1798 275 1856 orientali?

155 1879 204 1936 80.
220 1875 382 1934 Plutarchus
400 1877 434 1933 de
450 1875 532 1932 rebus
546 1877 574 1931 in
585 1875 693 1932 sublimi
712 1875 816 1930 sitiret
833 1874 867 1929 ab
885 1875 1054 1944 experientia
1069 1877 1188 1934 humana
1200 1876 1311 1933 remotis
1323 1881 1400 1932 tanto

1 1963 2 1966 ’
51 1956 177 2013 liberiori
196 1971 243 2011 ora
262 1955 379 2023 disserit,
398 1961 499 2023 quanto
517 1954 628 2011 liberior
645 1961 687 2012 est
704 1954 810 2010 animus
827 1969 844 2008 a
860 1953 1039 2012 fascinatione
1056 1957 1085 2012 in
1103 1957 1232 2014 utramvis
1250 1964 1364 2026 partem.

155 2037 198 2093 81.
217 2034 314 2090 Plures
331 2042 360 2089 et
377 2035 497 2105 potiores
517 2041 545 2092 st
563 2036 670 2091 omuino
689 2034 877 2104 archetypicas
900 2035 1032 2092 utilitates
1049 2037 1145 2092 Lunae
1168 2036 1259 2093 detexi
1276 2035 1305 2092 in
1322 2037 1398 2108 Epit.

1 2170 3 2174 ,
50 2117 125 2173 datr.
147 2115 264 2184 Capera.
283 2112 330 2170 lib.
348 2112 397 2168 IV.
414 2120 443 2168 et
459 2113 486 2168 iu
504 2112 659 2170 sanatione
677 2114 816 2170 teutonica
840 2113 874 2170 da
893 2114 1004 2171 Tabulis
1022 2115 1171 2186 Rudolphi.
1200 2116 1279 2173 Luna
1298 2117 1398 2173 dimen-

1 2220 2 2223 ’
49 2195 173 2254 sionibus
192 2192 314 2262 corporis
332 2196 361 2248 at
377 2190 511 2248 intervalli
529 2192 571 2248 sui
588 2189 692 2248 aditum
708 2193 839 2263 patefacit
856 2193 957 2250 hominl
976 2194 1010 2250 ad
1029 2202 1112 2251 totam
1125 2195 1295 2266 planetarum
1311 2197 1398 2268 regio·

1 2311 2 2324 η
49 2292 110 2332 nem
130 2273 333 2339 dimetiendam,
352 2279 383 2328 ut
398 2272 427 2327 iu
446 2288 500 2340 qua
516 2273 577 2341 ipsa
595 2272 699 2343 primus
717 2271 807 2328 scolae
826 2272 925 2341 medua
943 2281 994 2330 est.
1018 2275 1078 2329 iioc
1095 2282 1126 2329 ut
1144 2273 1192 2329 illa
1209 2274 1399 2344 docestsegne
1462 2324 1465 2334 ,
1498 2323 1511 2334 ,
1583 2267 1608 2292 ”
1648 2331 1652 2346 ‚

1560 2357 1563 2364 ’
1689 2363 1702 2390 t

49 2371 137 2428 genus
156 2353 305 2420 hominum,
325 2351 404 2408 datae
421 2359 486 2408 sunt
502 2351 542 2406 illi
559 2352 688 2408 tenebrae
706 2366 756 2422 pro
775 2358 1007 2422 atramentoque
1025 2353 1174 2410 doctrinam
1192 2355 1399 2412 aauononicam

48 2436 145 2506 pingat
161 2432 240 2489 nobis
259 2433 294 2487 ob
313 2430 418 2500 oeulos,
437 2431 503 2488 data
519 2431 601 2487 veluti
618 2432 744 2499 formula,
764 2446 818 2500 qua
835 2432 936 2488 inertes
954 2432 1101 2501 discipulos
1116 2434 1217 2490 excitet
1234 2437 1262 2488 et
1273 2435 1397 2504 emtiget,

1 2574 2 2580 χ
49 2515 113 2568 dum
136 2510 313 2568 incrementis
337 2508 568 2581 decrementisque
593 2510 701 2566 luminis
725 2526 830 2566 omnem
852 2509 962 2567 sitalem
986 2518 1111 2568 naturam
1131 2513 1313 2582 humoresque
1335 2511 1395 2580 ejus

47 2593 124 2663 ragit,
143 2599 247 2658 aestus,
267 2587 358 2644 fluxus
376 2595 403 2642 et
420 2588 541 2646 refluus
554 2592 656 2660 oceani,
670 2596 824 2648 mansuros
836 2587 995 2647 feminarum
1006 2589 1105 2658 tium,
1118 2594 1193 2661 ipsos
1206 2591 1274 2648 adeo
1287 2590 1394 2648 morbo·

1 2710 2 2719 ,
46 2687 105 2728 rum
123 2681 305 2739 paroxysmos
323 2666 509 2737 secundarie
529 2669 563 2726 de
581 2670 678 2740 quibus
696 2671 777 2726 etiam
794 2668 956 2744 Plutarchus
974 2669 1033 2740 ipsa
1050 2670 1121 2727 inira
1138 2670 1167 2740 (i.
1185 2672 1238 2740 97).

152 2746 197 2802 82.
215 2744 373 2814 Respondet
398 2745 432 2801 ad
455 2746 476 2803 i.
499 2750 540 2806 95.
585 2749 712 2806 Ordinem
734 2747 843 2817 quidem
867 2755 895 2805 et
916 2763 967 2817 ago
990 2747 1089 2818 doceo,
1114 2757 1155 2804 ut¹
1168 2750 1289 2818 quamvis
1314 2750 1394 2806 Luna

47 2843 110 2884 rare
128 2825 268 2896 inaequali
290 2832 366 2881 motu
382 2825 503 2895 incedat,
527 2841 559 2884 ea
577 2834 668 2884 tamen
690 2827 869 2896 inaequalitas
891 2843 946 2883 aon
965 2826 1001 2882 sit
1018 2842 1095 2895 ruga.
1131 2829 1243 2897 Semper
1264 2829 1336 2884 enim
1352 2830 1393 2884 in·

46 2907 168 2964 tenditur
185 2906 246 2974 ejus
265 2911 354 2960 motus
373 2921 390 2960 a
406 2911 508 2974 puncto
525 2908 639 2977 epogaai
656 2922 744 2975 usqae
761 2906 789 2961 in
806 2905 971 2976 perigaeum,
989 2905 1161 2963 incrementis
1178 2912 1268 2962 tamen
1286 2907 1315 2962 in
1327 2923 1393 2978 apo·

1 3017 2 3045 1
47 2999 115 3054 gaeo
133 2983 268 3056 patriotinn
286 2997 408 3039 marcere
425 2984 631 3055 incipientibus,
648 2985 678 3040 iu
694 2985 783 3041 medio
799 2983 986 3056 praecipitatis
1005 2998 1094 3053 enque
1112 2999 1144 3040 ec
1164 2985 1393 3056 decrescentibus,

1 3067 2 3118 ξ
46 3063 74 3118 in
91 3064 224 3134 perigaeo
242 3075 364 3117 messere
382 3061 580 3133 desinentibus,
606 3063 778 3133 vicissimque
802 3065 836 3120 sb
854 3061 902 3118 illo
925 3063 1047 3134 parignei
1068 3070 1168 3134 puncto
1192 3065 1221 3119 in
1244 3078 1394 3133 apogaeum

47 3149 137 3199 motus
155 3142 255 3198 iterum
273 3139 438 3209 languescit,
462 3142 556 3198 ordina
580 3141 812 3199 decrementorum
831 3142 920 3198 simili.
955 3143 1104 3213 Erigitur
1127 3143 1259 3214 ordinem;
1287 3159 1395 3200 succes·

47 3221 152 3276 monam
170 3237 236 3277 raro
253 3220 281 3274 in
300 3234 347 3287 eo,
368 3218 441 3288 quod
460 3235 552 3276 omnes
570 3219 698 3290 periodos
715 3221 939 3290 inaequalitatum
956 3221 1028 3277 inter
1045 3237 1075 3278 ae
1093 3220 1201 3291 penitus
1219 3221 1348 3291 aequales
1366 3230 1395 3279 et
1466 3225 1470 3231 ’

49 3316 109 3356 essa
128 3305 159 3356 et
176 3305 336 3370 computare
360 3299 458 3369 doceo,
484 3300 536 3355 nisi
560 3299 720 3369 quantulum
742 3300 787 3355 hic
810 3299 862 3356 sihi
885 3299 1003 3356 vindicat
1025 3300 1133 3356 lumiuis
1151 3316 1168 3355 a
1184 3317 1228 3357 me
1251 3300 1324 3356 dicta
1346 3317 1395 3358 seu

1 3379 3 3384 ’
46 3385 190 3435 mamaua
207 3379 333 3449 aarum,
352 3393 422 3448 quse
437 3385 529 3436 umen
546 3387 575 3436 et
592 3379 653 3448 ipsu
670 3377 784 3436 similem
802 3383 829 3436 at
846 3379 966 3435 ordinem
984 3385 1013 3434 st
1029 3380 1216 3456 successiones
1232 3379 1325 3452 habet,
1344 3379 1394 3437 sed

1 3491 2 3496 κ
46 3459 88 3514 aui
105 3458 211 3529 privati
223 3457 302 3526 juris.

1 3542 2 3551 ’
149 3537 197 3595 83.
217 3535 292 3592 Haec
310 3553 362 3594 ror
379 3543 544 3593 manssumta
560 3535 666 3593 ridetm
684 3553 718 3592 ex
735 3537 848 3593 Aristot.
866 3537 987 3607 Metaph.
1006 3537 1067 3593 XII.
1086 3537 1112 3594 8.

1 3679 2 3682 ,
149 3617 197 3674 84.
216 3617 410 3674 misceasorss
427 3617 510 3686 igitur
520 3617 677 3687 astronomi,
695 3622 726 3673 ut
737 3617 853 3672 eundem
864 3615 986 3673 ordinem
1004 3625 1032 3675 at
1043 3617 1242 3675 successionem
1254 3615 1393 3674 obtineant

1 3741 2 3767 Ξ
45 3695 209 3767 Lunamque
226 3697 314 3766 ipsam
331 3698 404 3752 omni
415 3695 609 3765 inaequalitate
621 3695 744 3766 liberant,
764 3694 956 3752 cucumiarunt
966 3694 1039 3752 illam
1057 3696 1163 3753 obculis
1176 3695 1265 3765 sarda,
1283 3695 1393 3752 insertis

1 3807 3 3812 >
45 3777 102 3832 aliis
120 3777 150 3831 in
170 3776 248 3831 alios.
284 3773 408 3830 Totidem
433 3774 504 3829 euim
528 3789 599 3844 pene
616 3775 697 3830 rerba
715 3776 819 3832 invenis
836 3776 864 3830 in
882 3775 1053 3846 Ptolemaeo,
1080 3783 1227 3832 coaetaneo
1244 3776 1394 3848 Plutarchi,

1 3890 2 3921 3
45 3855 138 3925 ldagni
153 3853 253 3924 Operis
264 3851 408 3909 titr.x111.
422 3867 444 3908 c.
457 3853 482 3920 2,
502 3867 571 3920 quaa
582 3855 756 3924 transscripsi
773 3855 802 3910 in
814 3854 886 3923 Epit
901 3854 1011 3910 Astron.
1030 3854 1395 3926 t01.502(v01.v1.p.aar),

1 3954 2 3998 3
44 3934 222 3992 Ptolemaeus
240 3933 323 4004 igitur
339 3934 415 3989 initio
434 3931 598 3987 deferentem
615 3933 702 3990 nodos
721 3933 787 3990 iacit
803 3935 830 3989 in
847 3935 877 3990 19
896 3934 974 3989 annis
986 3934 1126 3991 circumire
1138 3935 1210 3990 circa
1221 3933 1300 4004 polos
1312 3935 1393 4006 eclip-

44 4015 127 4084 ticse3
148 4014 178 4069 in
197 4028 231 4068 eo
250 4012 374 4082 designat
391 4018 466 4068 certa
483 4018 587 4081 puncta
604 4013 675 4083 polis
693 4012 810 4081 orbitae,
829 4012 929 4081 quibus
947 4013 1056 4069 iunixus
1072 4012 1185 4068 interior
1202 4011 1327 4070 deferens
1345 4030 1393 4082 ap·

1 4139 2 4153 ,
45 4095 117 4151 sidae
135 4093 302 4150 restituatur
319 4092 524 4148 semimenstruo
544 4093 634 4162 spatio
652 4091 786 4162 aequabili
803 4097 886 4147 motu.
923 4091 1041 4148 Rursum
1064 4091 1092 4146 in
1110 4093 1162 4148 hoc
1180 4087 1322 4148 deferente
1339 4099 1392 4149 ter·

1 4169 2 4234 j
44 4176 97 4230 tius
116 4173 288 4230 ecceutricus
312 4171 384 4226 circa
401 4169 479 4239 polos
497 4171 620 4238 eosdem,
646 4172 694 4228 ssd
716 4177 854 4228 mensuro
877 4171 1007 4241 temporis
1031 4171 1119 4241 spatio
1142 4176 1170 4226 et
1186 4177 1262 4227 motu
1284 4171 1392 4240 quidem
1482 4199 1488 4206 =

1 4239 2 4306 ἶ
43 4268 104 4308 rere
121 4249 265 4321 inaequali
282 4249 412 4316 circumit,
430 4247 472 4304 bis
490 4247 518 4302 in
535 4264 628 4305 meuse
645 4251 748 4321 tardus,
767 4251 808 4306 bis
826 4250 913 4306 velox.
946 4251 1065 4318 Quartus
1083 4257 1125 4306 est
1145 4250 1392 4322 apicycluqinser·

1 4365 2 4370 κ
44 4343 87 4388 tus
103 4331 136 4387 in
154 4329 307 4386 crassitiem
327 4327 482 4398 eccentrici,
501 4335 531 4384 ut
549 4329 660 4385 Terram
679 4347 733 4386 non
751 4331 865 4399 ambiat,
885 4336 913 4386 et
929 4331 1012 4400 hujus
1029 4330 1166 4386 restitutio
1183 4329 1266 4400 paulo
1285 4327 1393 4385 brevior

1 4427 2 4480 Τ
44 4421 85 4466 eat
107 4425 194 4481 qnam
218 4407 266 4463 illa
287 4407 443 4474 accentiici,
467 4414 612 4478 motusque
631 4416 659 4464 et
675 4409 736 4480 ipsa
753 4407 910 4480 inaequalis.
947 4409 999 4465 ilic
1017 4408 1124 4465 demum
1142 4407 1279 4480 epicyclua
1296 4408 1324 4462 in
1342 4421 1393 4462 sua

1 4518 2 4528 κ
45 4487 266 4548 drcumierentia
289 4485 398 4542 affixam
416 4486 499 4544 habet
515 4489 621 4545 Lunam
639 4489 748 4560 penitus
765 4489 792 4543 in
811 4503 843 4543 eo
862 4487 1037 4557 immobilem,
1062 4496 1093 4544 ut
1109 4487 1196 4545 voluit
1210 4485 1391 4555 Ptolemaeus,

1 4603 2 4642 ss
45 4577 72 4626 at
88 4564 271 4638 corrigendus
297 4565 377 4620 etiam
399 4565 453 4622 hic.
487 4567 557 4624 Nam
580 4567 644 4636 quia
666 4567 747 4622 huna
768 4580 876 4635 semper
901 4568 1015 4623 eandem
1040 4566 1137 4624 iaciem
1161 4564 1239 4624 nobis
1262 4563 1389 4632 ostendit,

44 4655 154 4718 oportet
170 4653 203 4701 ut
222 4651 249 4700 et
266 4644 327 4715 ipae
344 4645 373 4700 in
389 4644 437 4700 illo
455 4661 506 4702 suo
529 4645 650 4716 epicyclo
675 4660 735 4701 sese
758 4653 898 4702 convertat
921 4646 993 4702 circs
1015 4661 1096 4702 suum
1118 4661 1203 4700 axem
1239 4643 1327 4700 Tanto
1346 4658 1391 4698 ac-

45 4727 182 4796 ceptiores
200 4722 303 4780 debent
324 4739 384 4780 esse
401 4739 478 4780 meaa
497 4739 599 4782 causae
615 4726 758 4797 physicae,
784 4741 854 4794 quaa
880 4724 933 4782 hac
956 4726 1180 4797 multiplicatione
1197 4729 1319 4780 motuum
1337 4739 1392 4780 uon

1 4927 2 4930 ,
44 4806 195 4945 wengi.
212 4884 373 4957 legendum
396 4841 582 4945 duodecim.
621 4886 676 4946 Ubi
698 4891 789 4946 mmor
810 4885 975 4952 Plutarchus
996 4901 1027 4945 se
1048 4887 1139 4958 ipsura
1160 4881 1273 4943 mvoldt
1294 4882 1391 4960 auique
