3494 5426
1556 469 1558 474 .
1570 439 1572 442 “
1591 434 1673 492 :rest-⁴·

610 525 658 587 m.
674 527 855 599 accerseres.
1341 503 1406 592 339
1450 551 1453 588 ;
1518 503 1552 618 l]

1 733 2 740 κ
50 705 141 765 etiam
165 704 269 766 modus
292 705 446 782 absurdas,
469 723 523 768 uec
540 699 567 766 in
582 713 689 770 natura
702 714 837 786 receptus
853 711 912 783 est,
934 704 1017 766 nulla
1033 706 1109 767 euim
1125 711 1170 766 est
1191 703 1285 765 iorma
1298 709 1405 779 motus,

50 809 130 868 quas
156 799 194 854 12
218 795 301 856 annis
323 793 362 857 ad
384 795 520 873 planetus
542 794 652 872 volvit,
681 795 856 858 directiones
884 810 955 856 vero
983 793 1021 855 ad
1043 799 1156 855 motum
1186 791 1319 855 diurnum
1340 809 1406 854 sese
1475 853 1488 860 ,,
1559 768 1684 913 μ

49 880 284 942 accommodant

527 973 698 1034 netimeas
720 985 782 1033 seu
803 973 927 1033 Radix.

157 1072 246 1136 Nulla
266 1074 316 1135 hic
338 1072 509 1137 adulatione
533 1091 607 1153 opus
629 1084 684 1138 eet.
730 1075 846 1137 Causas
868 1072 1089 1152 significatrices
1117 1079 1216 1135 tantae
1243 1071 1407 1150 maJestatis
1503 1087 1505 1094 ‘
1536 1081 1567 1094 ’·
1600 1067 1603 1074 “
1647 1036 1689 1088 ‘³'

46 1179 119 1222 eum
142 1178 256 1222 summa
277 1165 459 1237 auctoritate,
482 1165 595 1229 invicta
616 1164 826 1242 potentissimis
841 1163 986 1238 hostibus,
1009 1161 1127 1223 fortuna
1149 1171 1179 1222 et
1192 1161 1297 1223 robore
1319 1159 1407 1222 simul

47 1252 184 1326 corporis
206 1259 234 1311 et
257 1251 368 1328 ingenii
390 1251 580 1327 conjunctae,
604 1251 717 1326 harum,
741 1253 870 1328 inquam,
893 1267 1001 1312 causae
1023 1257 1092 1309 eunt
1114 1249 1280 1324 evidentes,
1304 1247 1406 1326 quales
1465 1301 1468 1316 ,
1614 1237 1690 1346 'sip'

47 1339 79 1395 in
106 1336 196 1396 ullius
219 1337 398 1400 Monarcbae
419 1341 520 1415 genesi
549 1342 659 1416 sperari
687 1345 821 1418 possunt.
870 1331 902 1422 1)
924 1337 1066 1398 Planetae
1095 1354 1196 1398 omnes
1218 1340 1407 1401 circumstant

45 1424 243 1488 horizontem.
289 1427 324 1503 2)
348 1421 390 1506 Θ
414 1433 444 1486 et
464 1421 507 1508 Q)
529 1428 646 1502 gemino
676 1438 797 1504 uterque
820 1425 959 1488 satellitio
986 1427 1147 1503 stipantur;
1176 1419 1219 1506 Θ
1242 1426 1332 1486 etiam
1354 1441 1406 1484 ac·
1516 1485 1518 1492 ,
1579 1473 1581 1480 ,
1670 1420 1696 1505 ῗ

45 1519 153 1572 curate
175 1506 197 1590 l)
222 1513 287 1589 Δ,
313 1513 351 1592 (Ξ)
375 1522 477 1575 contra
509 1513 596 1576 domo
619 1514 689 1583 Vll.
719 1514 839 1592 gaudet.
886 1515 920 1588 3)
943 1512 1002 1574 Sex
1032 1512 1170 1590 planetae
1201 1516 1231 1571 in
1261 1505 1406 1573 altissima
1448 1555 1452 1566 ,
1548 1509 1553 1532 ⁴

45 1599 166 1660 zodiaci
188 1607 271 1676 parte
287 1608 316 1660 et
331 1617 437 1662 occasu
460 1603 573 1663 aestive
591 1602 818 1680 amplitudinem
841 1602 906 1677 ipso
922 1607 987 1660 ortu
1003 1608 1031 1661 et
1047 1617 1153 1661 cecam
1168 1617 1238 1678 prae
1253 1617 1285 1662 se
1301 1601 1406 1663 lerant.
1493 1653 1494 1656 ,
1560 1602 1691 1721 “pap

44 1679 133 1747 Inter
155 1701 206 1748 eos
228 1681 270 1768 Q
285 1691 425 1766 tanquam
447 1691 549 1766 regina
571 1691 600 1748 in
624 1693 688 1768 ipso
710 1707 785 1766 pene
801 1681 919 1750 cardine
931 1688 1050 1748 solstitii
1072 1689 1187 1748 aestivi.
1217 1687 1293 1748 Nam
1309 1687 1405 1747 domi-

45 1777 135 1833 nium
156 1772 259 1836 Lunae
290 1778 318 1834 in
342 1776 501 1851 Caunum,
531 1775 610 1838 Solis
639 1781 668 1837 in
692 1775 836 1851 Leonem,
860 1779 952 1852 ‘signa
973 1792 1043 1850 sua,
1073 1792 1130 1854 ego
1158 1793 1210 1854 per
1232 1791 1297 1837 esse
1317 1775 1404 1852 parri

46 1861 189 1937 facerem,
213 1863 270 1923 nisi
292 1861 366 1924 haec
385 1863 449 1939 jam
472 1873 698 1925 commemorata
721 1883 780 1924 una
802 1863 948 1926 adessent.
995 1859 1025 1943 4)
1049 1861 1145 1923 Locus
1171 1861 1262 1939 coeli,
1292 1863 1322 1920 in
1345 1879 1404 1939 quo

46 1949 174 2010 haerent
204 1967 256 2011 sex
278 1949 431 2028 planetae,
462 1951 643 2028 clarissimis,
673 1953 808 2017 maximis
830 1950 1088 2029 pulcherrimisque
1111 1949 1177 2010 fixis
1199 1959 1244 2010 est
1266 1943 1404 2023 eohsitus,

47 2038 99 2096 cui
132 2037 237 2096 similis
264 2035 388 2098 alteria
419 2044 481 2100 toto
511 2037 593 2101 coelo
616 2057 674 2100 nen
697 2041 848 2117 reperitur.
892 2037 1046 2098 Proximus
1074 2044 1171 2099 tamen
1194 2036 1236 2096 illi
1259 2040 1288 2095 in
1311 2036 1405 2098 sidere
1455 2113 1456 2120 ἵ
1539 2021 1541 2030 ’
1630 2043 1651 2072 ’·

46 2124 169 2202 Seorpii
193 2129 222 2185 et
244 2123 376 2186 Coronae
400 2124 474 2186 coeli
505 2127 633 2187 medium
657 2130 686 2188 in
708 2129 765 2188 hac
794 2130 895 2204 genesi
918 2127 1083 2203 occuparit.
1131 2127 1163 2202 5)
1186 2122 1318 2200 Accedit,
1342 2127 1406 2184 sine

47 2230 113 2288 quo
139 2218 235 2273 cetera
248 2216 347 2272 omnia
361 2213 501 2289 languere
517 2217 639 2292 possint,
662 2213 745 2275 locus
760 2211 802 2296 Θ
818 2217 847 2272 in
865 2211 899 2275 5ο
913 2207 965 2298 52,
989 2215 1065 2273 cirea
1080 2213 1163 2290 majus
1186 2211 1313 2274 confinia
1328 2228 1405 2273 anno
1477 2231 1479 2240 ,

1637 2305 1647 2334 ,

51 2304 140 2360 1563
157 2297 211 2360 luit
226 2315 262 2371 cr
282 2295 426 2379 magnei)
445 2296 524 2390 ethi
554 2308 584 2364 et
598 2319 676 2363 anno
695 2307 776 2366 1623
800 2310 936 2363 recurret
974 2299 1078 2377 Itaque
1100 2317 1196 2362 rerum
1212 2299 1300 2376 hujus
1314 2299 1412 2360 saculi

47 2401 186 2462 summa,
210 2395 243 2447 ut
264 2406 283 2447 a
305 2389 421 2466 trigono
443 2391 545 2465 igneo,
568 2407 609 2452 sc.
632 2389 678 2451 his
700 2385 822 2472 betll
849 2389 1112 2466 conjunctionibus,
1135 2391 1179 2448 sic
1201 2387 1309 2448 abhac
1329 2403 1406 2466 quo·
1477 2397 1479 2402 '
1526 2459 1527 2464 ἵ

48 2491 112 2552 que
136 2491 261 2552 persona
283 2482 360 2535 stare
382 2475 493 2538 debuit.

162 2559 247 2638 Quod
271 2570 369 2624 autem
392 2561 429 2624 ad
452 2581 598 2624 summum
613 2563 799 2642 splendorem
820 2563 922 2642 aliqua
945 2561 1046 2624 deesse
1062 2559 1208 2638 ridentur,
1232 2561 1406 2623 causashas
1449 2531 1450 2538 ἵ
1481 2595 1489 2604 --

49 2647 165 2710 adero:
191 2645 220 2732 1)
242 2654 401 2728 praeterita
423 2659 453 2712 et
475 2653 609 2712 absentia
631 2652 853 2729 amplificamus,
876 2654 1042 2731 praesentis
1057 2661 1258 2725 extenuamus,
1283 2650 1317 2726 2)
1340 2651 1407 2726 qul-

47 2737 128 2798 libet
151 2743 196 2797 est
217 2755 290 2798 auae
312 2739 445 2799 fortunae
467 2739 558 2815 saber,
582 2741 683 2816 etqui
706 2739 825 2800 laudem
847 2758 882 2801 ex
906 2737 1091 2812 liberalitate,
1115 2737 1279 2812 clementla,
1295 2739 1408 2816 aequi·
1527 2733 1528 2740 ’
1627 2693 1667 2750 ·”Ι’

49 2833 116 2886 tate
141 2831 248 2904 captat,
268 2825 338 2903 J'ura
358 2827 523 2903 majestatis
545 2825 683 2905 negligit,
708 2825 740 2904 3)
763 2845 822 2887 non
845 2826 1041 2906 configuratur
1066 2820 1102 2909 ‘ll
1128 2821 1151 2906 ἦ
1174 2844 1229 2887 neu
1244 2821 1289 2910 «Q

595 2969 647 3028 De
668 2969 873 3040 praeteritis.

161 3069 395 3132 Delectationem
417 3072 471 3132 aba
493 3076 522 3131 te
546 3072 647 3148 quaeri
669 3087 705 3132 ex
727 3069 896 3147 hujusmodi
915 3069 1044 3147 judiciis,
1067 3069 1139 3130 nihil
1155 3076 1314 3147 praeterea,
1337 3049 1423 3130 aati's
1514 3107 1543 3130 ‚2
1610 3055 1669 3106 “”

51 3164 190 3236 apparet.
235 3157 274 3218 Et
296 3157 483 3235 dignissimus
506 3175 537 3219 es
560 3175 648 3235 quam
670 3159 884 3219 honestissimis
900 3155 1109 3235 voluptatibus,
1133 3161 1184 3233 qui
1206 3160 1261 3219 toti
1283 3160 1408 3236 posteri-

49 3247 109 3305 tati
139 3244 175 3306 de
204 3248 384 3307 recreatione
412 3246 468 3306 hac
499 3244 683 3307 divinissima
712 3249 783 3308 nahe
812 3262 878 3305 cum
905 3245 1004 3322 aliquo
1040 3251 1138 3305 sumtu
1166 3253 1226 3306 tam
1257 3245 1411 3324 diligenter

50 3333 210 3412 prospicis.
257 3330 491 3394 Oblectationem
514 3349 594 3409 vero,
619 3351 696 3410 quac
719 3351 755 3395 ex
777 3334 937 3394 luturorum
961 3333 1163 3410 designatione
1185 3335 1310 3411 petitur,
1344 3349 1410 3394 cum

52 3437 174 3497 semper
195 3419 296 3497 ailqu'a
317 3427 413 3482 metus
435 3423 562 3499 vestigia
584 3421 764 3498 obnubilent,
788 3427 870 3480 tanto
893 3422 988 3480 minus
1011 3420 1082 3479 mihi
1103 3418 1186 3482 locus
1201 3420 1249 3480 hic
1272 3419 1308 3482 de
1321 3436 1410 3500 praa-

52 3511 153 3569 teritis
176 3506 230 3568 lult
251 3507 474 3586 relinquendus,
497 3516 531 3568 ut
554 3511 603 3585 qni
626 3510 767 3570 sinceram
790 3508 912 3586 praebet
933 3508 1124 3585 voluptatem.
1170 3507 1283 3572 Sed'et
1303 3524 1409 3571 necee-

53 3598 138 3656 saria
161 3603 207 3655 cst
227 3595 301 3656 haec
323 3599 474 3673 inquisitio
497 3595 535 3656 ad
557 3599 814 3672 investigationem
836 3594 946 3673 gradus
968 3597 1096 3660 orientis.

164 3681 211 3742 De
233 3681 440 3744 directionibus
462 3691 570 3760 tamen,
595 3701 653 3760 quc
667 3687 859 3745 instrumento
874 3681 912 3744 ad
934 3682 1011 3742 hanc
1033 3700 1094 3744 rem
1109 3679 1260 3758 utendum,
1283 3683 1410 3760 amplius

53 3768 253 3849 praefandum
275 3778 329 3847 est,
353 3771 431 3848 quod
454 3770 743 3848 mixtam-quandam
766 3773 909 3832 rationem
931 3787 1039 3847 sequar
1061 3787 1095 3831 ex
1118 3771 1171 3844 lis,
1201 3786 1278 3845 quae
1299 3787 1409 3848 nuper-

53 3862 131 3920 rime
154 3857 257 3938 'tycho
287 3865 317 3919 et
340 3876 416 3936 quae
438 3857 689 3936 Reglomontanus
719 3867 748 3920 et
770 3876 846 3937 quaa
867 3865 982 3919 ueteres
1005 3857 1122 3918 diversa
1148 3856 1302 3919 tradidere.
1345 3857 1411 3919 Nisi

14 3945 16 3960 '
55 3947 137 4008 enim
161 3947 204 4005 sic
226 3947 375 4022 misceam,
399 3947 573 4008 directiones
596 3945 776 4008 admodum
799 3963 906 4009 causae
928 3945 1071 4006 naturalis
1086 3945 1189 4006 reierre
1205 3961 1263 4004 non
1279 3961 1409 4023 possum.

164 4031 272 4093 Modus
295 4051 402 4094 musae
424 4033 566 4096 naturalis
588 4033 636 4094 hio
657 4043 712 4098 eet.
756 4033 822 4098 Non
848 4034 966 4094 Saturni
995 4033 1161 4093 tricennalis
1183 4031 1312 4094 Jorisve
1335 4032 1411 4097 duo·

17 4167 19 4188 ‚
55 4121 227 4182 decennalis
248 4120 386 4198 periodus
408 4123 500 4183 vitam
515 4130 644 4183 noemam
659 4123 831 4200 gubernant,
854 4120 907 4182 sed
929 4120 1007 4181 Solia
1030 4138 1129 4181 annua
1149 4120 1282 4198 coelique
1297 4121 1410 4196 diurna,

17 4219 20 4262 ι
55 4225 184 4286 quarum
206 4206 257 4269 illa
280 4205 408 4270 aestates
432 4218 461 4271 et
482 4225 601 4285 messes,
625 4209 699 4272 haec
721 4215 846 4285 noctem,
870 4211 998 4286 quietem
1021 4211 1297 4287 concoctionemque
1319 4208 1410 4270 redu·

55 4304 137 4370 cunt,
161 4297 224 4357 aine
247 4295 355 4371 quibus
377 4298 468 4359 vitam
491 4297 597 4358 ducere
619 4313 677 4357 non
698 4313 864 4376 possumus.
901 4295 1056 4374 Propertio
1072 4312 1141 4374 erge
1157 4295 1214 4356 diei
1230 4297 1269 4356 ad
1292 4313 1410 4370 aunum,

54 4386 210 4462 proportio
236 4389 251 4444 1
276 4381 316 4444 ad
339 4385 416 4460 565,
446 4386 521 4446 haee
544 4383 596 4445 illa
619 4391 675 4460 est,
705 4401 781 4461 quae
811 4386 840 4442 in
865 4385 956 4444 sitam
985 4392 1116 4444 nostram
1143 4391 1188 4444 eat
1215 4381 1328 4445 efficax.
1373 4383 1412 4442 Et

33 4473 122 4532 -dies
147 4470 264 4548 quidem
293 4473 392 4548 imago
425 4479 469 4533 est
499 4473 634 4548 aestatis,
664 4490 723 4532 nou
752 4472 868 4546 hiemis,
900 4473 970 4548 qnia
1005 4469 1083 4547 quod
1111 4489 1170 4531 uua
1198 4469 1244 4531 die
1266 4476 1411 4546 nocteque

55 4558 204 4630 volvitur,
227 4557 279 4619 Sol
301 4575 380 4620 anno
401 4576 460 4620 uno
482 4559 621 4621 absolvit.
652 4557 699 4619 Ad
715 4558 839 4621 eundem
861 4558 948 4636 plane
970 4558 1091 4620 modum
1120 4565 1234 4635 tempus
1257 4554 1411 4634 quodcun-

55 4665 127 4725 que,
152 4643 236 4722 quus
260 4647 289 4704 in
312 4655 422 4724 puncto
443 4649 607 4709 nativitatis
629 4655 674 4707 est
695 4649 884 4726 principium,
909 4654 939 4707 et
953 4655 1049 4708 motus
1073 4647 1239 4723 quicunque
1260 4662 1320 4705 nou
1343 4653 1411 4705 tau·

56 4743 122 4794 tum
145 4733 209 4812 agit
230 4731 266 4794 de
288 4735 445 4812 praesenti,
468 4752 504 4796 eo
526 4752 567 4797 sc.
590 4740 667 4810 actu,
691 4751 756 4794 cum
778 4749 917 4812 praeseus
940 4728 994 4809 es't,
1016 4733 1068 4794 sed
1090 4731 1335 4811 significationem
1358 4749 1411 4794 er-

56 4821 155 4884 teudit
177 4823 207 4880 ln
229 4825 418 4900 proportione
440 4821 566 4883 naturali
595 4839 648 4901 per
669 4823 768 4900 spatia
790 4826 852 4884 865
877 4822 934 4882 sibi
956 4821 1102 4900 aequalia.
1147 4821 1195 4883 Ita
1218 4820 1280 4882 dies
1303 4819 1411 4882 annum

57 4907 216 4988 elgnibcat,
241 4909 361 4970 biduum
383 4909 542 4985 blenulum,
565 4916 596 4970 et
617 4910 669 4988 qul
691 4909 744 4972 tlbl
766 4912 930 4972 triceeimus
953 4907 1016 4972 dies
1038 4908 1144 4986 illuxit,
1166 4908 1409 4988 significationem

57 4997 166 5060 habuit
187 4999 257 5058 auul
278 5012 331 5061 seu
353 4997 461 5060 natalis
483 4999 630 5060 uicesimi.
1149 5079 1203 5137 ²²·
