<?xml version="1.0" encoding="UTF-8"?>
<!DOCTYPE html PUBLIC "-//W3C//DTD XHTML 1.0 Transitional//EN"
    "http://www.w3.org/TR/xhtml1/DTD/xhtml1-transitional.dtd">
<html xmlns="http://www.w3.org/1999/xhtml" xml:lang="en" lang="en">
 <head>
  <title>
</title>
<meta http-equiv="Content-Type" content="text/html;charset=utf-8" />
  <meta name='ocr-system' content='tesseract 3.04.00' />
  <meta name='ocr-capabilities' content='ocr_page ocr_carea ocr_par ocr_line ocrx_word'/>
</head>
<body>
  <div class='ocr_page' id='page_1' title='image "./joanniskepleria21frisgoog_0196.png"; bbox 0 0 3398 5426; ppageno 0'>
   <div class='ocr_carea' id='block_1_1' title="bbox 300 363 1310 461">
    <p class='ocr_par' dir='ltr' id='par_1_1' title="bbox 300 363 1310 461">
     <span class='ocr_line' id='line_1_1' title="bbox 300 363 1310 461; baseline -0.013 -6"><span class='ocrx_word' id='word_1_1' title='bbox 300 391 365 461; x_wconf 81' lang='grc'>182</span> <span class='ocrx_word' id='word_1_2' title='bbox 663 363 836 448; x_wconf 79' lang='grc' dir='ltr'>001100100ὲο</span> <span class='ocrx_word' id='word_1_3' title='bbox 854 405 889 446; x_wconf 84' lang='grc'>00</span> <span class='ocrx_word' id='word_1_4' title='bbox 906 388 1045 448; x_wconf 74' lang='lat' dir='ltr'><strong>codicibus</strong></span> <span class='ocrx_word' id='word_1_5' title='bbox 1062 387 1310 450; x_wconf 74' lang='lat' dir='ltr'><strong>Pulkoriensrbua„</strong></span> 
     </span>
    </p>
   </div>
   <div class='ocr_carea' id='block_1_2' title="bbox 299 569 1652 650">
    <p class='ocr_par' dir='ltr' id='par_1_2' title="bbox 299 545 1652 650">
     <span class='ocr_line' id='line_1_2' title="bbox 299 569 1652 650; baseline 0.001 -18"><span class='ocrx_word' id='word_1_6' title='bbox 299 589 380 645; x_wconf 87' lang='lat' dir='ltr'><strong>rum,</strong></span> <span class='ocrx_word' id='word_1_7' title='bbox 403 571 447 632; x_wconf 91' lang='lat' dir='ltr'>sic</span> <span class='ocrx_word' id='word_1_8' title='bbox 469 569 703 650; x_wconf 89' lang='lat' dir='ltr'><strong>circumscriptus</strong></span> <span class='ocrx_word' id='word_1_9' title='bbox 729 572 799 634; x_wconf 90' lang='lat' dir='ltr'><strong>hnic</strong></span> <span class='ocrx_word' id='word_1_10' title='bbox 821 571 859 634; x_wconf 91' lang='lat' dir='ltr'><strong>ad</strong></span> <span class='ocrx_word' id='word_1_11' title='bbox 882 579 1051 649; x_wconf 75' lang='lat' dir='ltr'><strong>tangentem</strong></span> <span class='ocrx_word' id='word_1_12' title='bbox 1073 579 1173 634; x_wconf 86' lang='lat' dir='ltr'><strong>centra</strong></span> <span class='ocrx_word' id='word_1_13' title='bbox 1193 571 1413 650; x_wconf 76' lang='lat' dir='ltr'><strong>triangulorum.</strong></span> <span class='ocrx_word' id='word_1_14' title='bbox 1442 569 1652 634; x_wconf 81' lang='grc'>1118606008</span> 
     </span>
    </p>
   </div>
   <div class='ocr_carea' id='block_1_3' title="bbox 213 659 1653 738">
    <p class='ocr_par' dir='ltr' id='par_1_3' title="bbox 213 659 1653 738">
     <span class='ocr_line' id='line_1_3' title="bbox 213 659 1653 738; baseline 0 -16"><span class='ocrx_word' id='word_1_15' title='bbox 213 675 215 678; x_wconf 88' lang='grc'><strong><em>·</em></strong></span> <span class='ocrx_word' id='word_1_16' title='bbox 300 661 339 722; x_wconf 92' lang='grc'>00</span> <span class='ocrx_word' id='word_1_17' title='bbox 363 664 511 720; x_wconf 84' lang='grc'>7946540</span> <span class='ocrx_word' id='word_1_18' title='bbox 529 662 572 720; x_wconf 89' lang='grc'>010</span> <span class='ocrx_word' id='word_1_19' title='bbox 591 666 760 722; x_wconf 95' lang='grc'>10000000</span> <span class='ocrx_word' id='word_1_20' title='bbox 784 659 823 720; x_wconf 89' lang='grc'>00</span> <span class='ocrx_word' id='word_1_21' title='bbox 847 667 1011 734; x_wconf 85' lang='grc'>9041700,</span> <span class='ocrx_word' id='word_1_22' title='bbox 1043 668 1170 738; x_wconf 88' lang='grc'>0000100</span> <span class='ocrx_word' id='word_1_23' title='bbox 1192 667 1237 720; x_wconf 88' lang='grc'>001</span> <span class='ocrx_word' id='word_1_24' title='bbox 1259 667 1382 738; x_wconf 76' lang='lat' dir='ltr'><strong>tangens</strong></span> <span class='ocrx_word' id='word_1_25' title='bbox 1409 663 1439 720; x_wconf 90' lang='grc'>10</span> <span class='ocrx_word' id='word_1_26' title='bbox 1470 659 1653 722; x_wconf 81' lang='grc' dir='ltr'>0000000οι0</span> 
     </span>
    </p>
   </div>
   <div class='ocr_carea' id='block_1_4' title="bbox 298 747 1664 1002">
    <p class='ocr_par' dir='ltr' id='par_1_4' title="bbox 298 747 1664 1002">
     <span class='ocr_line' id='line_1_4' title="bbox 298 747 1653 826; baseline -0.001 -18"><span class='ocrx_word' id='word_1_27' title='bbox 298 747 397 810; x_wconf 86' lang='lat' dir='ltr'><strong>media</strong></span> <span class='ocrx_word' id='word_1_28' title='bbox 418 753 528 823; x_wconf 85' lang='lat' dir='ltr'><strong>puncta</strong></span> <span class='ocrx_word' id='word_1_29' title='bbox 549 747 683 812; x_wconf 89' lang='lat' dir='ltr'><strong>laterum.</strong></span> <span class='ocrx_word' id='word_1_30' title='bbox 729 747 778 808; x_wconf 87' lang='lat' dir='ltr'><strong>Sic</strong></span> <span class='ocrx_word' id='word_1_31' title='bbox 800 747 957 826; x_wconf 79' lang='lat' dir='ltr'><strong>respondet</strong></span> <span class='ocrx_word' id='word_1_32' title='bbox 978 749 1130 808; x_wconf 87' lang='lat' dir='ltr'><strong>rhombico</strong></span> <span class='ocrx_word' id='word_1_33' title='bbox 1153 747 1242 826; x_wconf 86' lang='lat' dir='ltr'><strong>hujus</strong></span> <span class='ocrx_word' id='word_1_34' title='bbox 1263 749 1388 824; x_wconf 78' lang='lat' dir='ltr'><strong>generis.</strong></span> <span class='ocrx_word' id='word_1_35' title='bbox 1433 747 1472 808; x_wconf 85' lang='lat' dir='ltr'><strong>Et</strong></span> <span class='ocrx_word' id='word_1_36' title='bbox 1495 749 1526 806; x_wconf 90' lang='lat' dir='ltr'>iu</span> <span class='ocrx_word' id='word_1_37' title='bbox 1549 765 1653 825; x_wconf 73' lang='lat' dir='ltr'><strong>genera</strong></span> 
     </span>
     <span class='ocr_line' id='line_1_5' title="bbox 300 833 1654 914; baseline -0.001 -18"><span class='ocrx_word' id='word_1_38' title='bbox 300 837 337 896; x_wconf 94' lang='lat' dir='ltr'><strong>de</strong></span> <span class='ocrx_word' id='word_1_39' title='bbox 359 835 406 894; x_wconf 91' lang='lat' dir='ltr'>his</span> <span class='ocrx_word' id='word_1_40' title='bbox 428 833 544 894; x_wconf 90' lang='lat' dir='ltr'><strong>duobus</strong></span> <span class='ocrx_word' id='word_1_41' title='bbox 568 853 668 896; x_wconf 84' lang='lat' dir='ltr'><strong>rerum</strong></span> <span class='ocrx_word' id='word_1_42' title='bbox 691 844 749 898; x_wconf 81' lang='lat' dir='ltr'><strong>est:</strong></span> <span class='ocrx_word' id='word_1_43' title='bbox 772 843 804 896; x_wconf 92' lang='grc'>01</span> <span class='ocrx_word' id='word_1_44' title='bbox 819 839 1053 914; x_wconf 87' lang='lat' dir='ltr'><strong>circumscriptus</strong></span> <span class='ocrx_word' id='word_1_45' title='bbox 1069 836 1184 914; x_wconf 81' lang='lat' dir='ltr'><strong>augulis</strong></span> <span class='ocrx_word' id='word_1_46' title='bbox 1206 835 1243 901; x_wconf 89' lang='lat' dir='ltr'><strong>ad</strong></span> <span class='ocrx_word' id='word_1_47' title='bbox 1259 838 1428 912; x_wconf 88' lang='lat' dir='ltr'><strong>inscriptum</strong></span> <span class='ocrx_word' id='word_1_48' title='bbox 1442 834 1543 912; x_wconf 87' lang='lat' dir='ltr'><strong>planis</strong></span> <span class='ocrx_word' id='word_1_49' title='bbox 1558 835 1654 897; x_wconf 90' lang='lat' dir='ltr'><strong>rhom-</strong></span> 
     </span>
     <span class='ocr_line' id='line_1_6' title="bbox 298 922 1664 1002; baseline -0.001 -16"><span class='ocrx_word' id='word_1_50' title='bbox 298 925 381 998; x_wconf 89' lang='lat' dir='ltr'><strong>hicis,</strong></span> <span class='ocrx_word' id='word_1_51' title='bbox 405 922 448 981; x_wconf 89' lang='lat' dir='ltr'>sic</span> <span class='ocrx_word' id='word_1_52' title='bbox 472 924 705 1001; x_wconf 88' lang='lat' dir='ltr'><strong>circumscriptus</strong></span> <span class='ocrx_word' id='word_1_53' title='bbox 727 923 844 1002; x_wconf 79' lang='lat' dir='ltr'><strong>angulis</strong></span> <span class='ocrx_word' id='word_1_54' title='bbox 866 927 945 984; x_wconf 91' lang='lat' dir='ltr'><strong>misti</strong></span> <span class='ocrx_word' id='word_1_55' title='bbox 968 922 1007 984; x_wconf 92' lang='grc'>00</span> <span class='ocrx_word' id='word_1_56' title='bbox 1029 927 1198 1002; x_wconf 89' lang='lat' dir='ltr'><strong>inscriptum</strong></span> <span class='ocrx_word' id='word_1_57' title='bbox 1219 922 1308 1000; x_wconf 91' lang='lat' dir='ltr'><strong>plano</strong></span> <span class='ocrx_word' id='word_1_58' title='bbox 1331 925 1470 986; x_wconf 83' lang='lat' dir='ltr'><strong>maximo.</strong></span> <span class='ocrx_word' id='word_1_59' title='bbox 1512 922 1574 984; x_wconf 83' lang='lat' dir='ltr'><strong>Sed</strong></span> <span class='ocrx_word' id='word_1_60' title='bbox 1596 925 1664 1002; x_wconf 34' lang='lat' dir='ltr'><strong>jam*</strong></span> 
     </span>
    </p>
   </div>
   <div class='ocr_carea' id='block_1_5' title="bbox 182 1010 1654 1090">
    <p class='ocr_par' dir='ltr' id='par_1_5' title="bbox 182 1010 1654 1090">
     <span class='ocr_line' id='line_1_7' title="bbox 182 1010 1654 1090; baseline -0.001 -19"><span class='ocrx_word' id='word_1_61' title='bbox 182 1069 186 1087; x_wconf 74' lang='grc'>,</span> <span class='ocrx_word' id='word_1_62' title='bbox 300 1014 366 1072; x_wconf 86' lang='lat' dir='ltr'><strong>vice</strong></span> <span class='ocrx_word' id='word_1_63' title='bbox 389 1027 488 1084; x_wconf 86' lang='lat' dir='ltr'><strong>versa,</strong></span> <span class='ocrx_word' id='word_1_64' title='bbox 519 1017 551 1068; x_wconf 90' lang='lat' dir='ltr'><strong>nt</strong></span> <span class='ocrx_word' id='word_1_65' title='bbox 580 1015 737 1090; x_wconf 90' lang='lat' dir='ltr'><strong>inscriptus</strong></span> <span class='ocrx_word' id='word_1_66' title='bbox 764 1011 861 1090; x_wconf 90' lang='lat' dir='ltr'><strong>plenis</strong></span> <span class='ocrx_word' id='word_1_67' title='bbox 888 1015 1022 1072; x_wconf 86' lang='lat' dir='ltr'><strong>maximis</strong></span> <span class='ocrx_word' id='word_1_68' title='bbox 1050 1012 1090 1072; x_wconf 92' lang='grc'>00</span> <span class='ocrx_word' id='word_1_69' title='bbox 1113 1013 1281 1088; x_wconf 90' lang='lat' dir='ltr'><strong>inscriptum</strong></span> <span class='ocrx_word' id='word_1_70' title='bbox 1311 1010 1407 1088; x_wconf 88' lang='lat' dir='ltr'><strong>planis</strong></span> <span class='ocrx_word' id='word_1_71' title='bbox 1436 1013 1585 1086; x_wconf 88' lang='lat' dir='ltr'><strong>minimis,</strong></span> <span class='ocrx_word' id='word_1_72' title='bbox 1614 1015 1654 1071; x_wconf 88' lang='lat' dir='ltr'>sie</span> 
     </span>
    </p>
   </div>
   <div class='ocr_carea' id='block_1_6' title="bbox 300 1098 1658 2055">
    <p class='ocr_par' dir='ltr' id='par_1_6' title="bbox 300 1098 1654 1354">
     <span class='ocr_line' id='line_1_8' title="bbox 301 1098 1654 1176; baseline -0.001 -16"><span class='ocrx_word' id='word_1_73' title='bbox 301 1098 672 1176; x_wconf 77' lang='lat' dir='ltr'><strong>circumscriptua&#39;angulis</strong></span> <span class='ocrx_word' id='word_1_74' title='bbox 695 1100 838 1160; x_wconf 90' lang='lat' dir='ltr'><strong>rhombioi</strong></span> <span class='ocrx_word' id='word_1_75' title='bbox 861 1101 1045 1160; x_wconf 82' lang='lat' dir='ltr'><strong>brevioribus</strong></span> <span class='ocrx_word' id='word_1_76' title='bbox 1068 1099 1106 1160; x_wconf 90' lang='grc'>00</span> <span class='ocrx_word' id='word_1_77' title='bbox 1129 1100 1374 1176; x_wconf 88' lang='lat' dir='ltr'><strong>circumscriptum</strong></span> <span class='ocrx_word' id='word_1_78' title='bbox 1397 1099 1515 1176; x_wconf 77' lang='lat' dir='ltr'><strong>angulis</strong></span> <span class='ocrx_word' id='word_1_79' title='bbox 1539 1099 1654 1176; x_wconf 75' lang='lat' dir='ltr'><strong>longio-</strong></span> 
     </span>
     <span class='ocr_line' id='line_1_9' title="bbox 300 1185 1653 1266; baseline 0 -20"><span class='ocrx_word' id='word_1_80' title='bbox 300 1188 397 1260; x_wconf 85' lang='lat' dir='ltr'><strong>ribus,</strong></span> <span class='ocrx_word' id='word_1_81' title='bbox 422 1193 452 1245; x_wconf 91' lang='lat' dir='ltr'>et</span> <span class='ocrx_word' id='word_1_82' title='bbox 473 1192 590 1260; x_wconf 86' lang='lat' dir='ltr'><strong>contre,</strong></span> <span class='ocrx_word' id='word_1_83' title='bbox 614 1195 646 1246; x_wconf 92' lang='lat' dir='ltr'><strong>nt</strong></span> <span class='ocrx_word' id='word_1_84' title='bbox 668 1189 823 1266; x_wconf 90' lang='lat' dir='ltr'><strong>inscriptus</strong></span> <span class='ocrx_word' id='word_1_85' title='bbox 845 1187 934 1265; x_wconf 91' lang='lat' dir='ltr'><strong>plano</strong></span> <span class='ocrx_word' id='word_1_86' title='bbox 956 1187 1108 1248; x_wconf 91' lang='lat' dir='ltr'><strong>rhombico</strong></span> <span class='ocrx_word' id='word_1_87' title='bbox 1130 1185 1169 1247; x_wconf 91' lang='lat' dir='ltr'><strong>ad</strong></span> <span class='ocrx_word' id='word_1_88' title='bbox 1190 1188 1438 1265; x_wconf 89' lang='lat' dir='ltr'><strong>circumscriptum</strong></span> <span class='ocrx_word' id='word_1_89' title='bbox 1463 1188 1653 1262; x_wconf 78' lang='grc'>0000100000,</span> 
     </span>
     <span class='ocr_line' id='line_1_10' title="bbox 301 1274 1271 1354; baseline 0.002 -19"><span class='ocrx_word' id='word_1_90' title='bbox 301 1278 344 1335; x_wconf 91' lang='lat' dir='ltr'>sio</span> <span class='ocrx_word' id='word_1_91' title='bbox 367 1274 522 1350; x_wconf 89' lang='lat' dir='ltr'><strong>inscriptus</strong></span> <span class='ocrx_word' id='word_1_92' title='bbox 545 1275 672 1333; x_wconf 87' lang='lat' dir='ltr'><strong>minimis</strong></span> <span class='ocrx_word' id='word_1_93' title='bbox 695 1275 792 1351; x_wconf 89' lang='lat' dir='ltr'><strong>planis</strong></span> <span class='ocrx_word' id='word_1_94' title='bbox 814 1274 852 1336; x_wconf 91' lang='grc'>00</span> <span class='ocrx_word' id='word_1_95' title='bbox 876 1277 1124 1354; x_wconf 89' lang='lat' dir='ltr'><strong>circumscriptum</strong></span> <span class='ocrx_word' id='word_1_96' title='bbox 1147 1274 1271 1352; x_wconf 78' lang='lat' dir='ltr'><strong>angulis.</strong></span> 
     </span>
    </p>

    <p class='ocr_par' dir='ltr' id='par_1_7' title="bbox 301 1359 1658 2055">
     <span class='ocr_line' id='line_1_11' title="bbox 407 1359 1654 1439; baseline 0.001 -20"><span class='ocrx_word' id='word_1_97' title='bbox 407 1359 505 1438; x_wconf 82' lang='lat' dir='ltr'><strong>Quare</strong></span> <span class='ocrx_word' id='word_1_98' title='bbox 520 1369 552 1420; x_wconf 94' lang='lat' dir='ltr'>ut</span> <span class='ocrx_word' id='word_1_99' title='bbox 567 1362 659 1422; x_wconf 88' lang='lat' dir='ltr'><strong>cubus</strong></span> <span class='ocrx_word' id='word_1_100' title='bbox 675 1362 821 1437; x_wconf 83' lang='lat' dir='ltr'><strong>octaedro,</strong></span> <span class='ocrx_word' id='word_1_101' title='bbox 846 1362 1048 1425; x_wconf 78' lang='lat' dir='ltr'><strong>dodecaddrou</strong></span> <span class='ocrx_word' id='word_1_102' title='bbox 1063 1363 1216 1424; x_wconf 89' lang='lat' dir='ltr'><strong>icosa&#39;e&#39;dro</strong></span> <span class='ocrx_word' id='word_1_103' title='bbox 1232 1380 1326 1439; x_wconf 87' lang='grc'>00000</span> <span class='ocrx_word' id='word_1_104' title='bbox 1340 1361 1426 1436; x_wconf 78' lang='lat' dir='ltr'><strong>alters,</strong></span> <span class='ocrx_word' id='word_1_105' title='bbox 1450 1361 1550 1424; x_wconf 86' lang='lat' dir='ltr'><strong>eidem</strong></span> <span class='ocrx_word' id='word_1_106' title='bbox 1570 1363 1654 1422; x_wconf 85' lang='lat' dir='ltr'><strong>stiam</strong></span> 
     </span>
     <span class='ocr_line' id='line_1_12' title="bbox 301 1447 1654 1528; baseline -0.001 -19"><span class='ocrx_word' id='word_1_107' title='bbox 301 1447 501 1525; x_wconf 78' lang='lat' dir='ltr'><strong>inscriptibilis</strong></span> <span class='ocrx_word' id='word_1_108' title='bbox 531 1457 575 1508; x_wconf 89' lang='grc'>001</span> <span class='ocrx_word' id='word_1_109' title='bbox 598 1451 943 1528; x_wconf 88' lang='lat' dir='ltr'><strong>atcircumsoriptibilis,</strong></span> <span class='ocrx_word' id='word_1_110' title='bbox 974 1455 1015 1511; x_wconf 91' lang='lat' dir='ltr'>ita</span> <span class='ocrx_word' id='word_1_111' title='bbox 1043 1451 1201 1512; x_wconf 87' lang='lat' dir='ltr'><strong>verisimile</strong></span> <span class='ocrx_word' id='word_1_112' title='bbox 1229 1459 1259 1510; x_wconf 88' lang='lat' dir='ltr'>et</span> <span class='ocrx_word' id='word_1_113' title='bbox 1280 1450 1329 1510; x_wconf 90' lang='lat' dir='ltr'><strong>hio</strong></span> <span class='ocrx_word' id='word_1_114' title='bbox 1356 1457 1414 1522; x_wconf 87' lang='lat' dir='ltr'><strong>est,</strong></span> <span class='ocrx_word' id='word_1_115' title='bbox 1445 1450 1654 1527; x_wconf 78' lang='lat' dir='ltr'><strong>aequalitate·</strong></span> 
     </span>
     <span class='ocr_line' id='line_1_13' title="bbox 302 1535 1655 1616; baseline 0 -18"><span class='ocrx_word' id='word_1_116' title='bbox 302 1544 498 1615; x_wconf 75' lang='lat' dir='ltr'><strong>permutatam</strong></span> <span class='ocrx_word' id='word_1_117' title='bbox 521 1538 635 1596; x_wconf 90' lang='lat' dir='ltr'><strong>orbium</strong></span> <span class='ocrx_word' id='word_1_118' title='bbox 657 1537 771 1599; x_wconf 91' lang='lat' dir='ltr'><strong>trahere</strong></span> <span class='ocrx_word' id='word_1_119' title='bbox 793 1541 881 1598; x_wconf 91' lang='lat' dir='ltr'><strong>etiam</strong></span> <span class='ocrx_word' id='word_1_120' title='bbox 903 1541 1047 1599; x_wconf 88' lang='lat' dir='ltr'><strong>rationem</strong></span> <span class='ocrx_word' id='word_1_121' title='bbox 1069 1539 1276 1616; x_wconf 87' lang='lat' dir='ltr'><strong>inscriptionis.</strong></span> <span class='ocrx_word' id='word_1_122' title='bbox 1313 1535 1397 1599; x_wconf 90' lang='lat' dir='ltr'><strong>Utin</strong></span> <span class='ocrx_word' id='word_1_123' title='bbox 1411 1536 1537 1600; x_wconf 82' lang='lat' dir='ltr'><strong>rhombo</strong></span> <span class='ocrx_word' id='word_1_124' title='bbox 1552 1538 1655 1598; x_wconf 90' lang='lat' dir='ltr'><strong>cubico</strong></span> 
     </span>
     <span class='ocr_line' id='line_1_14' title="bbox 303 1622 1654 1703; baseline -0.001 -16"><span class='ocrx_word' id='word_1_125' title='bbox 303 1622 404 1701; x_wconf 82' lang='lat' dir='ltr'><strong>auguli</strong></span> <span class='ocrx_word' id='word_1_126' title='bbox 426 1626 571 1684; x_wconf 76' lang='lat' dir='ltr'><strong>acutiores</strong></span> <span class='ocrx_word' id='word_1_127' title='bbox 588 1630 605 1684; x_wconf 90' lang='grc'>6</span> <span class='ocrx_word' id='word_1_128' title='bbox 621 1625 700 1702; x_wconf 88' lang='grc'>11000</span> <span class='ocrx_word' id='word_1_129' title='bbox 715 1633 745 1686; x_wconf 87' lang='grc'>01</span> <span class='ocrx_word' id='word_1_130' title='bbox 760 1625 894 1700; x_wconf 88' lang='lat' dir='ltr'><strong>altiores,</strong></span> <span class='ocrx_word' id='word_1_131' title='bbox 919 1626 1020 1703; x_wconf 80' lang='lat' dir='ltr'><strong>anguli</strong></span> <span class='ocrx_word' id='word_1_132' title='bbox 1043 1627 1207 1687; x_wconf 88' lang='lat' dir='ltr'><strong>obtusiores</strong></span> <span class='ocrx_word' id='word_1_133' title='bbox 1223 1631 1241 1686; x_wconf 87' lang='grc'>8</span> <span class='ocrx_word' id='word_1_134' title='bbox 1258 1632 1287 1686; x_wconf 91' lang='grc'>01</span> <span class='ocrx_word' id='word_1_135' title='bbox 1309 1625 1449 1702; x_wconf 84' lang='lat' dir='ltr'><strong>depressi,</strong></span> <span class='ocrx_word' id='word_1_136' title='bbox 1472 1626 1566 1703; x_wconf 90' lang='lat' dir='ltr'><strong>plana</strong></span> <span class='ocrx_word' id='word_1_137' title='bbox 1589 1641 1654 1686; x_wconf 86' lang='lat' dir='ltr'><strong>vero</strong></span> 
     </span>
     <span class='ocr_line' id='line_1_15' title="bbox 306 1711 1655 1792; baseline 0.001 -19"><span class='ocrx_word' id='word_1_138' title='bbox 306 1717 357 1786; x_wconf 91' lang='grc'>10,</span> <span class='ocrx_word' id='word_1_139' title='bbox 381 1711 474 1772; x_wconf 88' lang='lat' dir='ltr'><strong>latera</strong></span> <span class='ocrx_word' id='word_1_140' title='bbox 498 1717 548 1784; x_wconf 89' lang='grc'>04,</span> <span class='ocrx_word' id='word_1_141' title='bbox 571 1713 613 1772; x_wconf 88' lang='grc'>010</span> <span class='ocrx_word' id='word_1_142' title='bbox 635 1715 665 1772; x_wconf 88' lang='grc'>10</span> <span class='ocrx_word' id='word_1_143' title='bbox 687 1716 774 1774; x_wconf 90' lang='lat' dir='ltr'><strong>misto</strong></span> <span class='ocrx_word' id='word_1_144' title='bbox 797 1715 901 1774; x_wconf 89' lang='lat' dir='ltr'><strong>cubico</strong></span> <span class='ocrx_word' id='word_1_145' title='bbox 923 1714 1013 1792; x_wconf 91' lang='lat' dir='ltr'><strong>plana</strong></span> <span class='ocrx_word' id='word_1_146' title='bbox 1034 1714 1178 1791; x_wconf 90' lang='lat' dir='ltr'><strong>quadrata</strong></span> <span class='ocrx_word' id='word_1_147' title='bbox 1194 1720 1211 1774; x_wconf 82' lang='lat'>6</span> <span class='ocrx_word' id='word_1_148' title='bbox 1229 1720 1258 1774; x_wconf 92' lang='grc'>01</span> <span class='ocrx_word' id='word_1_149' title='bbox 1280 1714 1416 1791; x_wconf 91' lang='lat' dir='ltr'><strong>propiora</strong></span> <span class='ocrx_word' id='word_1_150' title='bbox 1430 1721 1542 1786; x_wconf 83' lang='lat' dir='ltr'><strong>centro,</strong></span> <span class='ocrx_word' id='word_1_151' title='bbox 1565 1715 1655 1789; x_wconf 78' lang='lat' dir='ltr'><strong>trigo-</strong></span> 
     </span>
     <span class='ocr_line' id='line_1_16' title="bbox 303 1799 1654 1879; baseline 0.001 -21"><span class='ocrx_word' id='word_1_152' title='bbox 303 1803 370 1860; x_wconf 86' lang='grc'>0100</span> <span class='ocrx_word' id='word_1_153' title='bbox 395 1805 413 1859; x_wconf 88' lang='lat'>8</span> <span class='ocrx_word' id='word_1_154' title='bbox 437 1805 467 1858; x_wconf 93' lang='lat' dir='ltr'>et</span> <span class='ocrx_word' id='word_1_155' title='bbox 488 1801 645 1860; x_wconf 88' lang='lat' dir='ltr'><strong>remotiore</strong></span> <span class='ocrx_word' id='word_1_156' title='bbox 667 1817 685 1860; x_wconf 87' lang='lat' dir='ltr'><strong>a</strong></span> <span class='ocrx_word' id='word_1_157' title='bbox 708 1809 823 1876; x_wconf 90' lang='lat' dir='ltr'><strong>centro,</strong></span> <span class='ocrx_word' id='word_1_158' title='bbox 846 1799 947 1879; x_wconf 79' lang='lat' dir='ltr'><strong>anguli</strong></span> <span class='ocrx_word' id='word_1_159' title='bbox 969 1819 1040 1863; x_wconf 80' lang='lat' dir='ltr'><strong>sero</strong></span> <span class='ocrx_word' id='word_1_160' title='bbox 1066 1801 1235 1876; x_wconf 80' lang='grc'>10,101010</span> <span class='ocrx_word' id='word_1_161' title='bbox 1258 1808 1309 1862; x_wconf 91' lang='grc'>04.</span> <span class='ocrx_word' id='word_1_162' title='bbox 1352 1799 1432 1861; x_wconf 86' lang='grc' dir='ltr'>Η100</span> <span class='ocrx_word' id='word_1_163' title='bbox 1453 1803 1479 1860; x_wconf 88' lang='grc'>01</span> <span class='ocrx_word' id='word_1_164' title='bbox 1502 1801 1654 1860; x_wconf 79' lang='lat' dir='ltr'>rhombum</span> 
     </span>
     <span class='ocr_line' id='line_1_17' title="bbox 301 1885 1656 1971; baseline 0.001 -25"><span class='ocrx_word' id='word_1_165' title='bbox 301 1890 388 1947; x_wconf 86' lang='lat' dir='ltr'><strong>misto</strong></span> <span class='ocrx_word' id='word_1_166' title='bbox 412 1885 487 1947; x_wconf 84' lang='lat' dir='ltr'><strong>velis</strong></span> <span class='ocrx_word' id='word_1_167' title='bbox 509 1888 680 1962; x_wconf 87' lang='lat' dir='ltr'><strong>inscribere,</strong></span> <span class='ocrx_word' id='word_1_168' title='bbox 704 1897 807 1949; x_wconf 88' lang='lat' dir='ltr'><strong>acutos</strong></span> <span class='ocrx_word' id='word_1_169' title='bbox 829 1896 900 1971; x_wconf 91' lang='lat' dir='ltr'><strong>apta</strong></span> <span class='ocrx_word' id='word_1_170' title='bbox 922 1892 1028 1950; x_wconf 91' lang='lat' dir='ltr'><strong>centris</strong></span> <span class='ocrx_word' id='word_1_171' title='bbox 1043 1887 1269 1967; x_wconf 83' lang='lat' dir='ltr'><strong>quadratorum,</strong></span> <span class='ocrx_word' id='word_1_172' title='bbox 1299 1889 1396 1949; x_wconf 90' lang='lat' dir='ltr'><strong>obtusi</strong></span> <span class='ocrx_word' id='word_1_173' title='bbox 1417 1889 1599 1967; x_wconf 86' lang='lat' dir='ltr'><strong>spectabunt</strong></span> <span class='ocrx_word' id='word_1_174' title='bbox 1620 1887 1656 1948; x_wconf 96' lang='grc'>00</span> 
     </span>
     <span class='ocr_line' id='line_1_18' title="bbox 303 1974 1658 2055; baseline 0.001 -19"><span class='ocrx_word' id='word_1_175' title='bbox 303 1983 402 2036; x_wconf 86' lang='lat' dir='ltr'><strong>centra</strong></span> <span class='ocrx_word' id='word_1_176' title='bbox 423 1977 612 2052; x_wconf 80' lang='lat' dir='ltr'>trigonorum,</span> <span class='ocrx_word' id='word_1_177' title='bbox 636 1974 689 2037; x_wconf 93' lang='lat' dir='ltr'>sed</span> <span class='ocrx_word' id='word_1_178' title='bbox 710 1993 768 2036; x_wconf 96' lang='lat' dir='ltr'><strong>non</strong></span> <span class='ocrx_word' id='word_1_179' title='bbox 792 1984 921 2054; x_wconf 78' lang='lat' dir='ltr'><strong>tangent,</strong></span> <span class='ocrx_word' id='word_1_180' title='bbox 945 1976 1098 2055; x_wconf 87' lang='lat' dir='ltr'><strong>planorum</strong></span> <span class='ocrx_word' id='word_1_181' title='bbox 1122 1994 1191 2038; x_wconf 88' lang='lat' dir='ltr'><strong>voro</strong></span> <span class='ocrx_word' id='word_1_182' title='bbox 1213 1977 1399 2038; x_wconf 88' lang='lat' dir='ltr'><strong>rhomborum</strong></span> <span class='ocrx_word' id='word_1_183' title='bbox 1414 1983 1515 2037; x_wconf 87' lang='lat' dir='ltr'><strong>centra</strong></span> <span class='ocrx_word' id='word_1_184' title='bbox 1535 1982 1658 2054; x_wconf 83' lang='grc'>000010·</span> 
     </span>
    </p>
   </div>
   <div class='ocr_carea' id='block_1_7' title="bbox 204 2063 1658 2231">
    <p class='ocr_par' dir='ltr' id='par_1_8' title="bbox 204 2063 1658 2231">
     <span class='ocr_line' id='line_1_19' title="bbox 204 2063 1657 2141; baseline -0.001 -17"><span class='ocrx_word' id='word_1_185' title='bbox 204 2075 212 2090; x_wconf 84' lang='grc'><em>·</em></span> <span class='ocrx_word' id='word_1_186' title='bbox 303 2065 376 2124; x_wconf 90' lang='grc'>0001</span> <span class='ocrx_word' id='word_1_187' title='bbox 398 2079 431 2122; x_wconf 91' lang='grc'>00</span> <span class='ocrx_word' id='word_1_188' title='bbox 454 2069 655 2138; x_wconf 83' lang='lat' dir='ltr'>superstantes</span> <span class='ocrx_word' id='word_1_189' title='bbox 678 2071 707 2124; x_wconf 90' lang='lat' dir='ltr'>et</span> <span class='ocrx_word' id='word_1_190' title='bbox 728 2072 860 2141; x_wconf 83' lang='lat' dir='ltr'><strong>tegentes</strong></span> <span class='ocrx_word' id='word_1_191' title='bbox 882 2064 1015 2140; x_wconf 75' lang='lat' dir='ltr'><strong>angulos.</strong></span> <span class='ocrx_word' id='word_1_192' title='bbox 1061 2064 1094 2125; x_wconf 86' lang='lat' dir='ltr'><strong>Si</strong></span> <span class='ocrx_word' id='word_1_193' title='bbox 1117 2071 1218 2126; x_wconf 92' lang='lat' dir='ltr'><strong>contra</strong></span> <span class='ocrx_word' id='word_1_194' title='bbox 1239 2067 1358 2125; x_wconf 92' lang='lat' dir='ltr'><strong>mistum</strong></span> <span class='ocrx_word' id='word_1_195' title='bbox 1380 2063 1502 2124; x_wconf 92' lang='lat' dir='ltr'><strong>rhombo</strong></span> <span class='ocrx_word' id='word_1_196' title='bbox 1530 2065 1657 2140; x_wconf 86' lang='lat' dir='ltr'><strong>inscrip-</strong></span> 
     </span>
     <span class='ocr_line' id='line_1_20' title="bbox 217 2151 1658 2231; baseline -0.002 -19"><span class='ocrx_word' id='word_1_197' title='bbox 217 2171 219 2176; x_wconf 86' lang='lat'><em>·</em></span> <span class='ocrx_word' id='word_1_198' title='bbox 302 2153 386 2230; x_wconf 86' lang='lat' dir='ltr'><strong>seris,</strong></span> <span class='ocrx_word' id='word_1_199' title='bbox 411 2155 449 2209; x_wconf 92' lang='grc'>10</span> <span class='ocrx_word' id='word_1_200' title='bbox 473 2151 553 2211; x_wconf 90' lang='lat' dir='ltr'><strong>misti</strong></span> <span class='ocrx_word' id='word_1_201' title='bbox 576 2151 701 2227; x_wconf 83' lang='lat' dir='ltr'><strong>angulos</strong></span> <span class='ocrx_word' id='word_1_202' title='bbox 723 2161 795 2229; x_wconf 93' lang='lat' dir='ltr'><strong>apta</strong></span> <span class='ocrx_word' id='word_1_203' title='bbox 819 2158 858 2212; x_wconf 93' lang='grc'>10</span> <span class='ocrx_word' id='word_1_204' title='bbox 881 2155 987 2213; x_wconf 88' lang='lat' dir='ltr'><strong>centris</strong></span> <span class='ocrx_word' id='word_1_205' title='bbox 1011 2151 1169 2231; x_wconf 89' lang='lat' dir='ltr'><strong>planorum</strong></span> <span class='ocrx_word' id='word_1_206' title='bbox 1197 2153 1366 2230; x_wconf 86' lang='lat' dir='ltr'><strong>abeuntque</strong></span> <span class='ocrx_word' id='word_1_207' title='bbox 1394 2153 1525 2230; x_wconf 83' lang='lat' dir='ltr'><strong>proxima</strong></span> <span class='ocrx_word' id='word_1_208' title='bbox 1547 2153 1591 2212; x_wconf 87' lang='lat' dir='ltr'><strong>ab</strong></span> <span class='ocrx_word' id='word_1_209' title='bbox 1612 2153 1658 2210; x_wconf 89' lang='lat' dir='ltr'><strong>in-</strong></span> 
     </span>
    </p>
   </div>
   <div class='ocr_carea' id='block_1_8' title="bbox 302 2238 1698 4856">
    <p class='ocr_par' dir='ltr' id='par_1_9' title="bbox 303 2238 1279 2318">
     <span class='ocr_line' id='line_1_21' title="bbox 303 2238 1279 2318; baseline 0.001 -19"><span class='ocrx_word' id='word_1_210' title='bbox 303 2241 404 2299; x_wconf 83' lang='lat' dir='ltr'><strong>ricem·</strong></span> <span class='ocrx_word' id='word_1_211' title='bbox 422 2238 521 2297; x_wconf 93' lang='lat' dir='ltr'><strong>obtusi</strong></span> <span class='ocrx_word' id='word_1_212' title='bbox 544 2243 574 2298; x_wconf 92' lang='lat' dir='ltr'>et</span> <span class='ocrx_word' id='word_1_213' title='bbox 596 2239 751 2315; x_wconf 81' lang='lat' dir='ltr'><strong>triangula,</strong></span> <span class='ocrx_word' id='word_1_214' title='bbox 774 2238 891 2316; x_wconf 81' lang='lat' dir='ltr'><strong>longius</strong></span> <span class='ocrx_word' id='word_1_215' title='bbox 914 2243 992 2300; x_wconf 90' lang='lat' dir='ltr'><strong>acuti</strong></span> <span class='ocrx_word' id='word_1_216' title='bbox 1015 2248 1044 2300; x_wconf 92' lang='lat' dir='ltr'>et</span> <span class='ocrx_word' id='word_1_217' title='bbox 1066 2238 1279 2318; x_wconf 83' lang='lat' dir='ltr'><strong>quadrangula.</strong></span> 
     </span>
    </p>

    <p class='ocr_par' dir='ltr' id='par_1_10' title="bbox 303 2323 1698 2579">
     <span class='ocr_line' id='line_1_22' title="bbox 409 2323 1659 2405; baseline 0.002 -21"><span class='ocrx_word' id='word_1_218' title='bbox 409 2323 492 2385; x_wconf 82' lang='lat' dir='ltr'><strong>Idem</strong></span> <span class='ocrx_word' id='word_1_219' title='bbox 515 2332 579 2386; x_wconf 90' lang='lat' dir='ltr'><strong>esto</strong></span> <span class='ocrx_word' id='word_1_220' title='bbox 603 2325 639 2386; x_wconf 88' lang='lat' dir='ltr'><strong>de</strong></span> <span class='ocrx_word' id='word_1_221' title='bbox 661 2327 786 2388; x_wconf 88' lang='lat' dir='ltr'><strong>rhombo</strong></span> <span class='ocrx_word' id='word_1_222' title='bbox 808 2326 982 2388; x_wconf 78' lang='lat' dir='ltr'><strong>dodecaddri</strong></span> <span class='ocrx_word' id='word_1_223' title='bbox 1005 2336 1035 2388; x_wconf 91' lang='grc'>01</span> <span class='ocrx_word' id='word_1_224' title='bbox 1055 2331 1143 2388; x_wconf 91' lang='lat' dir='ltr'><strong>misto</strong></span> <span class='ocrx_word' id='word_1_225' title='bbox 1162 2327 1315 2405; x_wconf 87' lang='lat' dir='ltr'><strong>judicium.</strong></span> <span class='ocrx_word' id='word_1_226' title='bbox 1353 2325 1387 2385; x_wconf 90' lang='lat' dir='ltr'>ln</span> <span class='ocrx_word' id='word_1_227' title='bbox 1409 2325 1532 2388; x_wconf 87' lang='lat' dir='ltr'><strong>rhombo</strong></span> <span class='ocrx_word' id='word_1_228' title='bbox 1556 2325 1659 2404; x_wconf 78' lang='lat' dir='ltr'><strong>anguli</strong></span> 
     </span>
     <span class='ocr_line' id='line_1_23' title="bbox 307 2413 1698 2493; baseline 0.001 -20"><span class='ocrx_word' id='word_1_229' title='bbox 307 2414 454 2473; x_wconf 88' lang='lat' dir='ltr'><strong>acutiores</strong></span> <span class='ocrx_word' id='word_1_230' title='bbox 478 2418 507 2472; x_wconf 89' lang='lat' dir='ltr'>et</span> <span class='ocrx_word' id='word_1_231' title='bbox 534 2414 707 2490; x_wconf 90' lang='lat' dir='ltr'><strong>inscriptiles</strong></span> <span class='ocrx_word' id='word_1_232' title='bbox 734 2421 787 2488; x_wconf 93' lang='grc'>10,</span> <span class='ocrx_word' id='word_1_233' title='bbox 819 2416 983 2476; x_wconf 88' lang='lat' dir='ltr'><strong>obtusiores</strong></span> <span class='ocrx_word' id='word_1_234' title='bbox 1007 2421 1065 2490; x_wconf 91' lang='grc'>00,</span> <span class='ocrx_word' id='word_1_235' title='bbox 1094 2415 1264 2493; x_wconf 80' lang='grc'>0100000,</span> <span class='ocrx_word' id='word_1_236' title='bbox 1294 2415 1461 2475; x_wconf 76' lang='grc'>10101060.</span> <span class='ocrx_word' id='word_1_237' title='bbox 1507 2413 1541 2473; x_wconf 86' lang='grc'>10</span> <span class='ocrx_word' id='word_1_238' title='bbox 1571 2417 1658 2476; x_wconf 83' lang='grc'>001010</span> <span class='ocrx_word' id='word_1_239' title='bbox 1697 2419 1698 2424; x_wconf 77' lang='grc'>’</span> 
     </span>
     <span class='ocr_line' id='line_1_24' title="bbox 303 2498 1574 2579; baseline 0.002 -19"><span class='ocrx_word' id='word_1_240' title='bbox 303 2498 524 2579; x_wconf 71' lang='lat' dir='ltr'><strong>quinquangulus</strong></span> <span class='ocrx_word' id='word_1_241' title='bbox 549 2506 598 2573; x_wconf 92' lang='grc'>10,</span> <span class='ocrx_word' id='word_1_242' title='bbox 622 2502 770 2578; x_wconf 76' lang='lat' dir='ltr'><strong>triangulo</strong></span> <span class='ocrx_word' id='word_1_243' title='bbox 793 2508 843 2577; x_wconf 93' lang='grc'>00,</span> <span class='ocrx_word' id='word_1_244' title='bbox 865 2503 967 2579; x_wconf 77' lang='lat' dir='ltr'><strong>auguli</strong></span> <span class='ocrx_word' id='word_1_245' title='bbox 991 2509 1041 2577; x_wconf 88' lang='grc'>80,</span> <span class='ocrx_word' id='word_1_246' title='bbox 1065 2503 1233 2566; x_wconf 77' lang='lat' dir='ltr'><strong>lecaraco.</strong></span> <span class='ocrx_word' id='word_1_247' title='bbox 1278 2501 1434 2579; x_wconf 87' lang='lat' dir='ltr'><strong>Inscriptio</strong></span> <span class='ocrx_word' id='word_1_248' title='bbox 1457 2500 1574 2564; x_wconf 81' lang='lat' dir='ltr'><strong>eadem</strong></span> 
     </span>
    </p>

    <p class='ocr_par' dir='ltr' id='par_1_11' title="bbox 303 2585 1659 2921">
     <span class='ocr_line' id='line_1_25' title="bbox 410 2585 1659 2668; baseline 0.003 -22"><span class='ocrx_word' id='word_1_249' title='bbox 410 2585 538 2648; x_wconf 88' lang='lat' dir='ltr'><strong>Rhombi</strong></span> <span class='ocrx_word' id='word_1_250' title='bbox 560 2588 738 2665; x_wconf 88' lang='lat' dir='ltr'><strong>respondent</strong></span> <span class='ocrx_word' id='word_1_251' title='bbox 759 2591 912 2668; x_wconf 87' lang='lat' dir='ltr'><strong>primariis,</strong></span> <span class='ocrx_word' id='word_1_252' title='bbox 936 2591 1006 2667; x_wconf 89' lang='lat' dir='ltr'><strong>quia</strong></span> <span class='ocrx_word' id='word_1_253' title='bbox 1026 2598 1095 2651; x_wconf 90' lang='lat' dir='ltr'><strong>sunt</strong></span> <span class='ocrx_word' id='word_1_254' title='bbox 1114 2597 1271 2667; x_wconf 81' lang='lat' dir='ltr'><strong>augmenta</strong></span> <span class='ocrx_word' id='word_1_255' title='bbox 1285 2591 1486 2666; x_wconf 78' lang='lat' dir='ltr'>primariorum</span> <span class='ocrx_word' id='word_1_256' title='bbox 1499 2597 1531 2650; x_wconf 93' lang='lat' dir='ltr'>et</span> <span class='ocrx_word' id='word_1_257' title='bbox 1551 2606 1659 2650; x_wconf 87' lang='lat' dir='ltr'><strong>secuu-</strong></span> 
     </span>
     <span class='ocr_line' id='line_1_26' title="bbox 305 2673 1658 2755; baseline 0.003 -22"><span class='ocrx_word' id='word_1_258' title='bbox 305 2673 453 2734; x_wconf 90' lang='lat' dir='ltr'><strong>dariorum</strong></span> <span class='ocrx_word' id='word_1_259' title='bbox 480 2676 641 2736; x_wconf 87' lang='lat' dir='ltr'><strong>mistorum.</strong></span> <span class='ocrx_word' id='word_1_260' title='bbox 693 2675 785 2737; x_wconf 82' lang='lat' dir='ltr'><strong>Misia</strong></span> <span class='ocrx_word' id='word_1_261' title='bbox 812 2677 989 2755; x_wconf 89' lang='lat' dir='ltr'><strong>respondent</strong></span> <span class='ocrx_word' id='word_1_262' title='bbox 1019 2677 1216 2754; x_wconf 87' lang='lat' dir='ltr'><strong>secundariis,</strong></span> <span class='ocrx_word' id='word_1_263' title='bbox 1254 2679 1326 2755; x_wconf 86' lang='lat' dir='ltr'><strong>quia</strong></span> <span class='ocrx_word' id='word_1_264' title='bbox 1353 2685 1422 2737; x_wconf 90' lang='lat' dir='ltr'><strong>eunt</strong></span> <span class='ocrx_word' id='word_1_265' title='bbox 1449 2677 1658 2738; x_wconf 83' lang='lat' dir='ltr'><strong>diminutiones</strong></span> 
     </span>
     <span class='ocr_line' id='line_1_27' title="bbox 303 2762 1658 2845; baseline 0.001 -24"><span class='ocrx_word' id='word_1_266' title='bbox 303 2763 507 2840; x_wconf 86' lang='lat' dir='ltr'><strong>primariorum</strong></span> <span class='ocrx_word' id='word_1_267' title='bbox 529 2771 560 2823; x_wconf 90' lang='grc'>01</span> <span class='ocrx_word' id='word_1_268' title='bbox 573 2762 827 2839; x_wconf 85' lang='lat' dir='ltr'><strong>secundariorum,</strong></span> <span class='ocrx_word' id='word_1_269' title='bbox 855 2772 886 2826; x_wconf 92' lang='grc'>01</span> <span class='ocrx_word' id='word_1_270' title='bbox 915 2767 987 2843; x_wconf 90' lang='grc'>0010</span> <span class='ocrx_word' id='word_1_271' title='bbox 1014 2766 1106 2827; x_wconf 89' lang='grc'>00000</span> <span class='ocrx_word' id='word_1_272' title='bbox 1128 2767 1298 2845; x_wconf 87' lang='lat' dir='ltr'><strong>primarium</strong></span> <span class='ocrx_word' id='word_1_273' title='bbox 1313 2767 1495 2826; x_wconf 77' lang='lat' dir='ltr'><strong>maculatae</strong></span> <span class='ocrx_word' id='word_1_274' title='bbox 1517 2765 1658 2840; x_wconf 85' lang='lat' dir='ltr'><strong>rhombis,</strong></span> 
     </span>
     <span class='ocr_line' id='line_1_28' title="bbox 306 2849 815 2921; baseline 0.006 -11"><span class='ocrx_word' id='word_1_275' title='bbox 306 2849 463 2911; x_wconf 79' lang='lat' dir='ltr'><strong>octaedron</strong></span> <span class='ocrx_word' id='word_1_276' title='bbox 486 2849 690 2912; x_wconf 86' lang='lat' dir='ltr'><strong>secundarium</strong></span> <span class='ocrx_word' id='word_1_277' title='bbox 712 2854 815 2921; x_wconf 78' lang='lat' dir='ltr'><strong>mistis.</strong></span> 
     </span>
    </p>

    <p class='ocr_par' dir='ltr' id='par_1_12' title="bbox 302 2937 1658 3698">
     <span class='ocr_line' id='line_1_29' title="bbox 408 2937 1657 3016; baseline 0.003 -18"><span class='ocrx_word' id='word_1_278' title='bbox 408 2937 507 2998; x_wconf 84' lang='lat' dir='ltr'><strong>Simo</strong></span> <span class='ocrx_word' id='word_1_279' title='bbox 530 2940 661 3000; x_wconf 90' lang='lat' dir='ltr'><strong>oriuntur</strong></span> <span class='ocrx_word' id='word_1_280' title='bbox 682 2957 719 3000; x_wconf 84' lang='lat' dir='ltr'>es</span> <span class='ocrx_word' id='word_1_281' title='bbox 740 2941 844 3013; x_wconf 87' lang='lat' dir='ltr'><strong>mistis,</strong></span> <span class='ocrx_word' id='word_1_282' title='bbox 867 2957 933 3001; x_wconf 93' lang='lat' dir='ltr'><strong>cum</strong></span> <span class='ocrx_word' id='word_1_283' title='bbox 955 2946 1019 3001; x_wconf 88' lang='lat' dir='ltr'><strong>tota</strong></span> <span class='ocrx_word' id='word_1_284' title='bbox 1041 2939 1149 3002; x_wconf 89' lang='lat' dir='ltr'><strong>cadunt</strong></span> <span class='ocrx_word' id='word_1_285' title='bbox 1169 2940 1265 3002; x_wconf 87' lang='lat' dir='ltr'><strong>latera</strong></span> <span class='ocrx_word' id='word_1_286' title='bbox 1286 2948 1317 3000; x_wconf 90' lang='lat' dir='ltr'>et</span> <span class='ocrx_word' id='word_1_287' title='bbox 1338 2938 1439 3016; x_wconf 78' lang='lat' dir='ltr'><strong>anguli</strong></span> <span class='ocrx_word' id='word_1_288' title='bbox 1460 2942 1513 3014; x_wconf 90' lang='lat' dir='ltr'><strong>sic,</strong></span> <span class='ocrx_word' id='word_1_289' title='bbox 1536 2947 1572 3000; x_wconf 91' lang='lat' dir='ltr'>ut</span> <span class='ocrx_word' id='word_1_290' title='bbox 1595 2941 1657 3002; x_wconf 90' lang='lat' dir='ltr'><strong>loco</strong></span> 
     </span>
     <span class='ocr_line' id='line_1_30' title="bbox 303 3023 1658 3106; baseline 0.001 -20"><span class='ocrx_word' id='word_1_291' title='bbox 303 3023 486 3101; x_wconf 82' lang='lat' dir='ltr'><strong>singulorum</strong></span> <span class='ocrx_word' id='word_1_292' title='bbox 506 3026 682 3102; x_wconf 80' lang='lat' dir='ltr'><strong>angulorum</strong></span> <span class='ocrx_word' id='word_1_293' title='bbox 711 3028 781 3087; x_wconf 89' lang='grc'>0100</span> <span class='ocrx_word' id='word_1_294' title='bbox 804 3030 925 3088; x_wconf 84' lang='lat' dir='ltr'><strong>veniant</strong></span> <span class='ocrx_word' id='word_1_295' title='bbox 946 3027 1107 3105; x_wconf 84' lang='lat' dir='ltr'><strong>triangula,</strong></span> <span class='ocrx_word' id='word_1_296' title='bbox 1139 3027 1275 3106; x_wconf 91' lang='lat' dir='ltr'><strong>aequalia</strong></span> <span class='ocrx_word' id='word_1_297' title='bbox 1297 3037 1328 3088; x_wconf 91' lang='grc'>01</span> <span class='ocrx_word' id='word_1_298' title='bbox 1349 3026 1458 3088; x_wconf 89' lang='lat' dir='ltr'><strong>similia</strong></span> <span class='ocrx_word' id='word_1_299' title='bbox 1480 3027 1602 3090; x_wconf 87' lang='lat' dir='ltr'><strong>residuo</strong></span> <span class='ocrx_word' id='word_1_300' title='bbox 1625 3046 1658 3090; x_wconf 86' lang='lat' dir='ltr'>as</span> 
     </span>
     <span class='ocr_line' id='line_1_31' title="bbox 303 3113 1657 3194; baseline 0.004 -23"><span class='ocrx_word' id='word_1_301' title='bbox 303 3114 393 3191; x_wconf 88' lang='lat' dir='ltr'><strong>priori</strong></span> <span class='ocrx_word' id='word_1_302' title='bbox 415 3113 579 3190; x_wconf 78' lang='lat' dir='ltr'><strong>triangulo;</strong></span> <span class='ocrx_word' id='word_1_303' title='bbox 604 3120 634 3174; x_wconf 92' lang='lat' dir='ltr'>et</span> <span class='ocrx_word' id='word_1_304' title='bbox 655 3113 685 3173; x_wconf 92' lang='lat' dir='ltr'><strong>id</strong></span> <span class='ocrx_word' id='word_1_305' title='bbox 708 3114 825 3190; x_wconf 87' lang='lat' dir='ltr'><strong>quidem</strong></span> <span class='ocrx_word' id='word_1_306' title='bbox 847 3114 995 3176; x_wconf 91' lang='lat' dir='ltr'><strong>residuum</strong></span> <span class='ocrx_word' id='word_1_307' title='bbox 1018 3116 1119 3176; x_wconf 88' lang='lat' dir='ltr'><strong>itidem</strong></span> <span class='ocrx_word' id='word_1_308' title='bbox 1141 3125 1187 3176; x_wconf 91' lang='grc'>001</span> <span class='ocrx_word' id='word_1_309' title='bbox 1200 3113 1343 3193; x_wconf 80' lang='lat' dir='ltr'><strong>regulare.</strong></span> <span class='ocrx_word' id='word_1_310' title='bbox 1373 3115 1447 3176; x_wconf 91' lang='lat' dir='ltr'><strong>ltern</strong></span> <span class='ocrx_word' id='word_1_311' title='bbox 1470 3118 1657 3194; x_wconf 72' lang='grc'>011000000-</span> 
     </span>
     <span class='ocr_line' id='line_1_32' title="bbox 303 3200 1657 3280; baseline 0.004 -20"><span class='ocrx_word' id='word_1_312' title='bbox 303 3200 398 3260; x_wconf 88' lang='lat' dir='ltr'><strong>lorum</strong></span> <span class='ocrx_word' id='word_1_313' title='bbox 420 3200 574 3277; x_wconf 87' lang='lat' dir='ltr'><strong>planorum</strong></span> <span class='ocrx_word' id='word_1_314' title='bbox 604 3203 733 3261; x_wconf 88' lang='lat' dir='ltr'><strong>variatur</strong></span> <span class='ocrx_word' id='word_1_315' title='bbox 763 3209 793 3262; x_wconf 90' lang='grc'>01</span> <span class='ocrx_word' id='word_1_316' title='bbox 814 3205 1011 3280; x_wconf 88' lang='lat' dir='ltr'><strong>intorquetur,</strong></span> <span class='ocrx_word' id='word_1_317' title='bbox 1041 3201 1094 3264; x_wconf 88' lang='grc'>000</span> <span class='ocrx_word' id='word_1_318' title='bbox 1122 3202 1273 3264; x_wconf 89' lang='grc'>1001100110</span> <span class='ocrx_word' id='word_1_319' title='bbox 1301 3210 1408 3266; x_wconf 89' lang='lat' dir='ltr'><strong>manet.</strong></span> <span class='ocrx_word' id='word_1_320' title='bbox 1452 3201 1514 3264; x_wconf 83' lang='lat' dir='ltr'><strong>Sed</strong></span> <span class='ocrx_word' id='word_1_321' title='bbox 1535 3206 1566 3262; x_wconf 92' lang='lat' dir='ltr'><strong>in</strong></span> <span class='ocrx_word' id='word_1_322' title='bbox 1591 3221 1657 3265; x_wconf 84' lang='lat' dir='ltr'><strong>sere</strong></span> 
     </span>
     <span class='ocr_line' id='line_1_33' title="bbox 302 3288 1657 3370; baseline 0.003 -23"><span class='ocrx_word' id='word_1_323' title='bbox 302 3289 400 3347; x_wconf 89' lang='lat' dir='ltr'><strong>mistis</strong></span> <span class='ocrx_word' id='word_1_324' title='bbox 423 3291 513 3347; x_wconf 89' lang='lat' dir='ltr'><strong>otiam</strong></span> <span class='ocrx_word' id='word_1_325' title='bbox 536 3289 683 3366; x_wconf 79' lang='lat' dir='ltr'><strong>triangula</strong></span> <span class='ocrx_word' id='word_1_326' title='bbox 705 3296 769 3348; x_wconf 90' lang='lat' dir='ltr'><strong>tote</strong></span> <span class='ocrx_word' id='word_1_327' title='bbox 791 3288 894 3352; x_wconf 90' lang='lat' dir='ltr'><strong>cadere</strong></span> <span class='ocrx_word' id='word_1_328' title='bbox 917 3307 1036 3351; x_wconf 87' lang='lat' dir='ltr'><strong>necesse</strong></span> <span class='ocrx_word' id='word_1_329' title='bbox 1059 3298 1104 3351; x_wconf 89' lang='lat' dir='ltr'>est</span> <span class='ocrx_word' id='word_1_330' title='bbox 1126 3299 1156 3351; x_wconf 86' lang='lat' dir='ltr'><strong>ct</strong></span> <span class='ocrx_word' id='word_1_331' title='bbox 1176 3307 1229 3368; x_wconf 96' lang='lat' dir='ltr'>pro</span> <span class='ocrx_word' id='word_1_332' title='bbox 1252 3292 1289 3349; x_wconf 94' lang='lat' dir='ltr'>iis</span> <span class='ocrx_word' id='word_1_333' title='bbox 1317 3289 1508 3368; x_wconf 80' lang='lat' dir='ltr'><strong>profundiora</strong></span> <span class='ocrx_word' id='word_1_334' title='bbox 1529 3293 1657 3370; x_wconf 84' lang='lat' dir='ltr'><strong>antiquis</strong></span> 
     </span>
     <span class='ocr_line' id='line_1_34' title="bbox 303 3374 1657 3456; baseline 0.004 -22"><span class='ocrx_word' id='word_1_335' title='bbox 303 3374 446 3454; x_wconf 81' lang='lat' dir='ltr'><strong>parallelo</strong></span> <span class='ocrx_word' id='word_1_336' title='bbox 470 3378 608 3436; x_wconf 88' lang='lat' dir='ltr'><strong>constitui</strong></span> <span class='ocrx_word' id='word_1_337' title='bbox 631 3393 725 3453; x_wconf 90' lang='lat' dir='ltr'><strong>eaque</strong></span> <span class='ocrx_word' id='word_1_338' title='bbox 748 3385 778 3437; x_wconf 91' lang='grc'>01</span> <span class='ocrx_word' id='word_1_339' title='bbox 799 3379 864 3453; x_wconf 89' lang='grc'>1000</span> <span class='ocrx_word' id='word_1_340' title='bbox 887 3378 1005 3454; x_wconf 90' lang='grc'>0011000</span> <span class='ocrx_word' id='word_1_341' title='bbox 1028 3380 1131 3440; x_wconf 87' lang='lat' dir='ltr'><strong>secari.</strong></span> <span class='ocrx_word' id='word_1_342' title='bbox 1176 3378 1266 3438; x_wconf 86' lang='lat' dir='ltr'><strong>Fiunt</strong></span> <span class='ocrx_word' id='word_1_343' title='bbox 1294 3378 1582 3456; x_wconf 83' lang='lat' dir='ltr'><strong>quinquelineerium</strong></span> <span class='ocrx_word' id='word_1_344' title='bbox 1606 3397 1657 3440; x_wconf 89' lang='lat' dir='ltr'><strong>an-</strong></span> 
     </span>
     <span class='ocr_line' id='line_1_35' title="bbox 304 3462 1656 3542; baseline 0.003 -22"><span class='ocrx_word' id='word_1_345' title='bbox 304 3462 449 3539; x_wconf 80' lang='lat' dir='ltr'><strong>gulorum.</strong></span> <span class='ocrx_word' id='word_1_346' title='bbox 496 3463 609 3522; x_wconf 88' lang='lat' dir='ltr'><strong>Simum</strong></span> <span class='ocrx_word' id='word_1_347' title='bbox 632 3464 860 3538; x_wconf 84' lang='lat' dir='ltr'><strong>tatrotetraedri,</strong></span> <span class='ocrx_word' id='word_1_348' title='bbox 892 3464 921 3528; x_wconf 90' lang='lat' dir='ltr'>h.</span> <span class='ocrx_word' id='word_1_349' title='bbox 945 3483 969 3525; x_wconf 92' lang='grc'>0.</span> <span class='ocrx_word' id='word_1_350' title='bbox 994 3465 1138 3539; x_wconf 79' lang='grc'>00100001,</span> <span class='ocrx_word' id='word_1_351' title='bbox 1169 3474 1214 3526; x_wconf 86' lang='grc'>001</span> <span class='ocrx_word' id='word_1_352' title='bbox 1237 3465 1419 3528; x_wconf 79' lang='lat' dir='ltr'><strong>icosaddron.</strong></span> <span class='ocrx_word' id='word_1_353' title='bbox 1465 3465 1554 3542; x_wconf 83' lang='lat' dir='ltr'><strong>Quod</strong></span> <span class='ocrx_word' id='word_1_354' title='bbox 1576 3467 1656 3526; x_wconf 87' lang='lat' dir='ltr'><strong>titio</strong></span> 
     </span>
     <span class='ocr_line' id='line_1_36' title="bbox 304 3548 1657 3632; baseline 0.004 -23"><span class='ocrx_word' id='word_1_355' title='bbox 304 3548 1007 3627; x_wconf 76' lang='grc' dir='ltr'>00100010,100110110001000τὶ01010000000,</span> <span class='ocrx_word' id='word_1_356' title='bbox 1038 3553 1190 3631; x_wconf 78' lang='lat' dir='ltr'><strong>designato</strong></span> <span class='ocrx_word' id='word_1_357' title='bbox 1213 3555 1317 3614; x_wconf 91' lang='lat' dir='ltr'><strong>minori</strong></span> <span class='ocrx_word' id='word_1_358' title='bbox 1347 3554 1436 3631; x_wconf 89' lang='lat' dir='ltr'><strong>plano</strong></span> <span class='ocrx_word' id='word_1_359' title='bbox 1467 3571 1521 3632; x_wconf 88' lang='lat' dir='ltr'>per</span> <span class='ocrx_word' id='word_1_360' title='bbox 1550 3559 1657 3616; x_wconf 87' lang='lat' dir='ltr'><strong>sectio·</strong></span> 
     </span>
     <span class='ocr_line' id='line_1_37' title="bbox 303 3637 500 3698; baseline 0 -2"><span class='ocrx_word' id='word_1_361' title='bbox 303 3637 500 3698; x_wconf 85' lang='grc'>0001000100.</span> 
     </span>
    </p>

    <p class='ocr_par' dir='ltr' id='par_1_13' title="bbox 305 3723 1657 4240">
     <span class='ocr_line' id='line_1_38' title="bbox 407 3723 1657 3802; baseline 0.003 -17"><span class='ocrx_word' id='word_1_362' title='bbox 407 3723 441 3785; x_wconf 85' lang='lat' dir='ltr'><strong>Si</strong></span> <span class='ocrx_word' id='word_1_363' title='bbox 463 3725 565 3801; x_wconf 78' lang='lat' dir='ltr'><strong>anguli</strong></span> <span class='ocrx_word' id='word_1_364' title='bbox 586 3723 667 3801; x_wconf 86' lang='lat' dir='ltr'><strong>plani</strong></span> <span class='ocrx_word' id='word_1_365' title='bbox 690 3725 861 3786; x_wconf 81' lang='grc'>1000000001</span> <span class='ocrx_word' id='word_1_366' title='bbox 884 3733 1081 3802; x_wconf 91' lang='lat' dir='ltr'><strong>competerent</strong></span> <span class='ocrx_word' id='word_1_367' title='bbox 1103 3729 1133 3786; x_wconf 92' lang='lat' dir='ltr'><strong>in</strong></span> <span class='ocrx_word' id='word_1_368' title='bbox 1155 3726 1253 3788; x_wconf 86' lang='lat' dir='ltr'><strong>medic</strong></span> <span class='ocrx_word' id='word_1_369' title='bbox 1273 3727 1376 3802; x_wconf 90' lang='lat' dir='ltr'><strong>latera,</strong></span> <span class='ocrx_word' id='word_1_370' title='bbox 1400 3736 1471 3790; x_wconf 91' lang='lat' dir='ltr'><strong>tunc</strong></span> <span class='ocrx_word' id='word_1_371' title='bbox 1493 3728 1574 3790; x_wconf 78' lang='lat' dir='ltr'><strong>latus</strong></span> <span class='ocrx_word' id='word_1_372' title='bbox 1597 3732 1657 3790; x_wconf 86' lang='lat' dir='ltr'><strong>ico·</strong></span> 
     </span>
     <span class='ocr_line' id='line_1_39' title="bbox 305 3809 1656 3894; baseline 0.002 -21"><span class='ocrx_word' id='word_1_373' title='bbox 305 3809 468 3874; x_wconf 78' lang='grc' dir='ltr'>0000110οω</span> <span class='ocrx_word' id='word_1_374' title='bbox 493 3819 571 3872; x_wconf 88' lang='grc'>00001</span> <span class='ocrx_word' id='word_1_375' title='bbox 592 3811 743 3872; x_wconf 91' lang='lat' dir='ltr'><strong>dimidium</strong></span> <span class='ocrx_word' id='word_1_376' title='bbox 772 3813 945 3886; x_wconf 81' lang='lat' dir='ltr'><strong>ootaddrici,</strong></span> <span class='ocrx_word' id='word_1_377' title='bbox 976 3831 1016 3874; x_wconf 88' lang='lat' dir='ltr'>sc.</span> <span class='ocrx_word' id='word_1_378' title='bbox 1043 3821 1201 3876; x_wconf 89' lang='grc'>7071068.</span> <span class='ocrx_word' id='word_1_379' title='bbox 1246 3815 1299 3874; x_wconf 88' lang='lat' dir='ltr'><strong>Sin</strong></span> <span class='ocrx_word' id='word_1_380' title='bbox 1329 3823 1427 3876; x_wconf 88' lang='lat' dir='ltr'><strong>autem</strong></span> <span class='ocrx_word' id='word_1_381' title='bbox 1454 3818 1485 3874; x_wconf 92' lang='lat' dir='ltr'><strong>in</strong></span> <span class='ocrx_word' id='word_1_382' title='bbox 1508 3826 1656 3894; x_wconf 88' lang='lat' dir='ltr'><strong>punctum,</strong></span> 
     </span>
     <span class='ocr_line' id='line_1_40' title="bbox 309 3897 1657 3985; baseline 0.005 -28"><span class='ocrx_word' id='word_1_383' title='bbox 309 3897 388 3975; x_wconf 92' lang='lat' dir='ltr'><strong>quod</strong></span> <span class='ocrx_word' id='word_1_384' title='bbox 411 3906 492 3959; x_wconf 82' lang='grc'>00001</span> <span class='ocrx_word' id='word_1_385' title='bbox 513 3900 536 3984; x_wconf 71' lang='grc'>,1,</span> <span class='ocrx_word' id='word_1_386' title='bbox 559 3897 594 3959; x_wconf 86' lang='grc'>00</span> <span class='ocrx_word' id='word_1_387' title='bbox 616 3901 652 3985; x_wconf 60' lang='grc'>0,</span> <span class='ocrx_word' id='word_1_388' title='bbox 683 3907 752 3960; x_wconf 89' lang='grc'>1000</span> <span class='ocrx_word' id='word_1_389' title='bbox 774 3908 871 3962; x_wconf 87' lang='lat' dir='ltr'><strong>essent</strong></span> <span class='ocrx_word' id='word_1_390' title='bbox 891 3900 1144 3978; x_wconf 72' lang='lat' dir='ltr'><strong>perpendicularis</strong></span> <span class='ocrx_word' id='word_1_391' title='bbox 1165 3910 1195 3963; x_wconf 94' lang='lat' dir='ltr'>et</span> <span class='ocrx_word' id='word_1_392' title='bbox 1218 3905 1368 3979; x_wconf 80' lang='lat' dir='ltr'><strong>quantitas</strong></span> <span class='ocrx_word' id='word_1_393' title='bbox 1393 3909 1557 3966; x_wconf 84' lang='grc'>8164966.</span> <span class='ocrx_word' id='word_1_394' title='bbox 1602 3904 1657 3966; x_wconf 81' lang='lat' dir='ltr'>sad</span> 
     </span>
     <span class='ocr_line' id='line_1_41' title="bbox 306 3987 1655 4066; baseline 0.005 -21"><span class='ocrx_word' id='word_1_395' title='bbox 306 3988 378 4064; x_wconf 88' lang='lat' dir='ltr'><strong>quia</strong></span> <span class='ocrx_word' id='word_1_396' title='bbox 399 4003 435 4046; x_wconf 85' lang='lat' dir='ltr'><strong>ex</strong></span> <span class='ocrx_word' id='word_1_397' title='bbox 457 3989 645 4064; x_wconf 88' lang='lat' dir='ltr'><strong>proportione</strong></span> <span class='ocrx_word' id='word_1_398' title='bbox 661 3989 863 4065; x_wconf 90' lang='lat' dir='ltr'><strong>inscriptorum</strong></span> <span class='ocrx_word' id='word_1_399' title='bbox 878 3987 956 4048; x_wconf 89' lang='lat' dir='ltr'><strong>latus</strong></span> <span class='ocrx_word' id='word_1_400' title='bbox 974 3995 1122 4050; x_wconf 82' lang='grc'>7600000</span> <span class='ocrx_word' id='word_1_401' title='bbox 1136 3993 1277 4066; x_wconf 89' lang='lat' dir='ltr'><strong>sequitur,</strong></span> <span class='ocrx_word' id='word_1_402' title='bbox 1302 4007 1372 4066; x_wconf 76' lang='lat' dir='ltr'><strong>erpo</strong></span> <span class='ocrx_word' id='word_1_403' title='bbox 1395 3992 1571 4052; x_wconf 88' lang='lat' dir='ltr'><strong>intermedio</strong></span> <span class='ocrx_word' id='word_1_404' title='bbox 1595 3992 1655 4052; x_wconf 91' lang='lat' dir='ltr'><strong>loco</strong></span> 
     </span>
     <span class='ocr_line' id='line_1_42' title="bbox 307 4073 1655 4165; baseline 0.003 -30"><span class='ocrx_word' id='word_1_405' title='bbox 307 4073 416 4135; x_wconf 91' lang='lat' dir='ltr'><strong>cadunt</strong></span> <span class='ocrx_word' id='word_1_406' title='bbox 437 4076 541 4149; x_wconf 80' lang='lat' dir='ltr'><strong>anguli</strong></span> <span class='ocrx_word' id='word_1_407' title='bbox 563 4074 653 4152; x_wconf 91' lang='lat' dir='ltr'><strong>plani.</strong></span> <span class='ocrx_word' id='word_1_408' title='bbox 693 4074 767 4135; x_wconf 88' lang='lat' dir='ltr'><strong>Cum</strong></span> <span class='ocrx_word' id='word_1_409' title='bbox 789 4084 886 4136; x_wconf 89' lang='lat' dir='ltr'><strong>autem</strong></span> <span class='ocrx_word' id='word_1_410' title='bbox 908 4079 1057 4153; x_wconf 90' lang='lat' dir='ltr'><strong>proportio</strong></span> <span class='ocrx_word' id='word_1_411' title='bbox 1080 4080 1202 4139; x_wconf 84' lang='lat' dir='ltr'><strong>extremi</strong></span> <span class='ocrx_word' id='word_1_412' title='bbox 1224 4085 1255 4140; x_wconf 91' lang='lat' dir='ltr'>et</span> <span class='ocrx_word' id='word_1_413' title='bbox 1275 4078 1364 4138; x_wconf 89' lang='lat' dir='ltr'><strong>medii</strong></span> <span class='ocrx_word' id='word_1_414' title='bbox 1387 4081 1427 4140; x_wconf 92' lang='grc'>011</span> <span class='ocrx_word' id='word_1_415' title='bbox 1449 4081 1525 4140; x_wconf 89' lang='lat' dir='ltr'><strong>inter</strong></span> <span class='ocrx_word' id='word_1_416' title='bbox 1550 4079 1567 4165; x_wconf 63' lang='lat' dir='ltr'><strong>i</strong></span> <span class='ocrx_word' id='word_1_417' title='bbox 1586 4079 1655 4164; x_wconf 63' lang='grc'>010,</span> 
     </span>
     <span class='ocr_line' id='line_1_43' title="bbox 305 4159 760 4240; baseline -0.004 -15"><span class='ocrx_word' id='word_1_418' title='bbox 305 4159 401 4225; x_wconf 85' lang='grc'>00000</span> <span class='ocrx_word' id='word_1_419' title='bbox 423 4160 460 4222; x_wconf 89' lang='grc'>00</span> <span class='ocrx_word' id='word_1_420' title='bbox 482 4161 534 4224; x_wconf 86' lang='grc'>1110</span> <span class='ocrx_word' id='word_1_421' title='bbox 555 4165 682 4240; x_wconf 89' lang='grc'>00001010</span> <span class='ocrx_word' id='word_1_422' title='bbox 705 4170 760 4223; x_wconf 87' lang='grc'>001.</span> 
     </span>
    </p>

    <p class='ocr_par' dir='ltr' id='par_1_14' title="bbox 305 4248 1655 4856">
     <span class='ocr_line' id='line_1_44' title="bbox 409 4248 1655 4330; baseline 0.005 -21"><span class='ocrx_word' id='word_1_423' title='bbox 409 4248 442 4309; x_wconf 85' lang='lat' dir='ltr'><strong>Si</strong></span> <span class='ocrx_word' id='word_1_424' title='bbox 465 4257 607 4326; x_wconf 87' lang='lat' dir='ltr'><strong>quaterna</strong></span> <span class='ocrx_word' id='word_1_425' title='bbox 629 4250 785 4310; x_wconf 79' lang='lat' dir='ltr'><strong>octa&#39;ddrici</strong></span> <span class='ocrx_word' id='word_1_426' title='bbox 807 4249 908 4328; x_wconf 81' lang='lat' dir='ltr'><strong>anguli</strong></span> <span class='ocrx_word' id='word_1_427' title='bbox 930 4249 1023 4311; x_wconf 90' lang='lat' dir='ltr'><strong>latera</strong></span> <span class='ocrx_word' id='word_1_428' title='bbox 1038 4257 1174 4311; x_wconf 89' lang='lat' dir='ltr'><strong>secantur</strong></span> <span class='ocrx_word' id='word_1_429' title='bbox 1194 4253 1460 4330; x_wconf 87' lang='lat' dir='ltr'><strong>proportionaliter,</strong></span> <span class='ocrx_word' id='word_1_430' title='bbox 1483 4256 1528 4316; x_wconf 88' lang='lat' dir='ltr'>sic</span> <span class='ocrx_word' id='word_1_431' title='bbox 1542 4263 1578 4315; x_wconf 89' lang='lat' dir='ltr'>ut</span> <span class='ocrx_word' id='word_1_432' title='bbox 1591 4256 1655 4318; x_wconf 87' lang='lat' dir='ltr'>blm</span> 
     </span>
     <span class='ocr_line' id='line_1_45' title="bbox 309 4336 1655 4415; baseline 0.004 -19"><span class='ocrx_word' id='word_1_433' title='bbox 309 4342 339 4396; x_wconf 88' lang='lat' dir='ltr'>et</span> <span class='ocrx_word' id='word_1_434' title='bbox 361 4336 432 4396; x_wconf 91' lang='lat' dir='ltr'><strong>bina</strong></span> <span class='ocrx_word' id='word_1_435' title='bbox 455 4340 592 4414; x_wconf 80' lang='lat' dir='ltr'><strong>opposita</strong></span> <span class='ocrx_word' id='word_1_436' title='bbox 614 4336 743 4398; x_wconf 90' lang='lat' dir='ltr'><strong>habeant</strong></span> <span class='ocrx_word' id='word_1_437' title='bbox 765 4336 884 4398; x_wconf 89' lang='lat' dir='ltr'><strong>alteruls</strong></span> <span class='ocrx_word' id='word_1_438' title='bbox 906 4337 1040 4415; x_wconf 83' lang='lat' dir='ltr'><strong>longiora</strong></span> <span class='ocrx_word' id='word_1_439' title='bbox 1054 4345 1084 4398; x_wconf 90' lang='lat' dir='ltr'>et</span> <span class='ocrx_word' id='word_1_440' title='bbox 1098 4338 1234 4400; x_wconf 88' lang='lat' dir='ltr'><strong>breviora</strong></span> <span class='ocrx_word' id='word_1_441' title='bbox 1256 4339 1350 4402; x_wconf 85' lang='lat' dir='ltr'><strong>latera</strong></span> <span class='ocrx_word' id='word_1_442' title='bbox 1371 4342 1401 4402; x_wconf 92' lang='lat' dir='ltr'><strong>in</strong></span> <span class='ocrx_word' id='word_1_443' title='bbox 1418 4358 1509 4403; x_wconf 93' lang='lat' dir='ltr'><strong>unum</strong></span> <span class='ocrx_word' id='word_1_444' title='bbox 1533 4343 1655 4404; x_wconf 88' lang='lat' dir='ltr'><strong>solidum</strong></span> 
     </span>
     <span class='ocr_line' id='line_1_46' title="bbox 305 4425 1653 4509; baseline 0.004 -24"><span class='ocrx_word' id='word_1_445' title='bbox 305 4427 516 4498; x_wconf 85' lang='lat' dir='ltr'><strong>concurrentia,</strong></span> <span class='ocrx_word' id='word_1_446' title='bbox 540 4431 570 4484; x_wconf 91' lang='lat' dir='ltr'>et</span> <span class='ocrx_word' id='word_1_447' title='bbox 590 4433 701 4501; x_wconf 88' lang='lat' dir='ltr'><strong>puncta</strong></span> <span class='ocrx_word' id='word_1_448' title='bbox 723 4432 930 4486; x_wconf 88' lang='lat' dir='ltr'><strong>connectantur</strong></span> <span class='ocrx_word' id='word_1_449' title='bbox 953 4432 993 4486; x_wconf 91' lang='grc'>04</span> <span class='ocrx_word' id='word_1_450' title='bbox 1016 4425 1102 4486; x_wconf 89' lang='lat' dir='ltr'><strong>lineis</strong></span> <span class='ocrx_word' id='word_1_451' title='bbox 1123 4428 1153 4485; x_wconf 93' lang='lat' dir='ltr'><strong>in</strong></span> <span class='ocrx_word' id='word_1_452' title='bbox 1169 4426 1301 4504; x_wconf 90' lang='lat' dir='ltr'><strong>planitie,</strong></span> <span class='ocrx_word' id='word_1_453' title='bbox 1326 4428 1446 4490; x_wconf 89' lang='grc'>6110010</span> <span class='ocrx_word' id='word_1_454' title='bbox 1461 4431 1518 4491; x_wconf 86' lang='grc'>000</span> <span class='ocrx_word' id='word_1_455' title='bbox 1534 4431 1653 4509; x_wconf 76' lang='lat' dir='ltr'><strong>anguis,</strong></span> 
     </span>
     <span class='ocr_line' id='line_1_47' title="bbox 305 4511 1655 4596; baseline 0.005 -26"><span class='ocrx_word' id='word_1_456' title='bbox 305 4520 376 4573; x_wconf 90' lang='lat' dir='ltr'><strong>tunc</strong></span> <span class='ocrx_word' id='word_1_457' title='bbox 397 4514 427 4570; x_wconf 92' lang='lat' dir='ltr'><strong>in</strong></span> <span class='ocrx_word' id='word_1_458' title='bbox 450 4511 587 4572; x_wconf 80' lang='lat' dir='ltr'><strong>octaiidro</strong></span> <span class='ocrx_word' id='word_1_459' title='bbox 611 4511 785 4587; x_wconf 87' lang='lat' dir='ltr'><strong>descriptum</strong></span> <span class='ocrx_word' id='word_1_460' title='bbox 808 4520 853 4574; x_wconf 90' lang='lat' dir='ltr'>est</span> <span class='ocrx_word' id='word_1_461' title='bbox 875 4511 1055 4573; x_wconf 79' lang='lat' dir='ltr'><strong>icosaddron.</strong></span> <span class='ocrx_word' id='word_1_462' title='bbox 1085 4512 1161 4574; x_wconf 85' lang='lat' dir='ltr'><strong>Nam</strong></span> <span class='ocrx_word' id='word_1_463' title='bbox 1179 4517 1251 4591; x_wconf 89' lang='lat' dir='ltr'><strong>quia</strong></span> <span class='ocrx_word' id='word_1_464' title='bbox 1272 4517 1451 4594; x_wconf 76' lang='lat' dir='ltr'><strong>triangulum</strong></span> <span class='ocrx_word' id='word_1_465' title='bbox 1473 4519 1552 4578; x_wconf 90' lang='lat' dir='ltr'><strong>inter</strong></span> <span class='ocrx_word' id='word_1_466' title='bbox 1565 4533 1655 4596; x_wconf 86' lang='lat' dir='ltr'><strong>oppo-</strong></span> 
     </span>
     <span class='ocr_line' id='line_1_48' title="bbox 307 4597 1654 4678; baseline 0.004 -20"><span class='ocrx_word' id='word_1_467' title='bbox 307 4599 365 4659; x_wconf 83' lang='lat' dir='ltr'><strong>sita</strong></span> <span class='ocrx_word' id='word_1_468' title='bbox 387 4597 481 4658; x_wconf 91' lang='lat' dir='ltr'><strong>latera</strong></span> <span class='ocrx_word' id='word_1_469' title='bbox 504 4606 534 4660; x_wconf 91' lang='lat' dir='ltr'>et</span> <span class='ocrx_word' id='word_1_470' title='bbox 555 4597 673 4659; x_wconf 88' lang='lat' dir='ltr'><strong>ductam</strong></span> <span class='ocrx_word' id='word_1_471' title='bbox 694 4599 802 4659; x_wconf 88' lang='lat' dir='ltr'><strong>lincam</strong></span> <span class='ocrx_word' id='word_1_472' title='bbox 831 4604 1032 4677; x_wconf 89' lang='lat' dir='ltr'><strong>aequicrnrnm</strong></span> <span class='ocrx_word' id='word_1_473' title='bbox 1055 4605 1112 4675; x_wconf 86' lang='lat' dir='ltr'><strong>eet,</strong></span> <span class='ocrx_word' id='word_1_474' title='bbox 1144 4619 1213 4678; x_wconf 81' lang='lat' dir='ltr'><strong>ergo</strong></span> <span class='ocrx_word' id='word_1_475' title='bbox 1236 4609 1269 4664; x_wconf 94' lang='lat' dir='ltr'>ut</span> <span class='ocrx_word' id='word_1_476' title='bbox 1291 4621 1376 4666; x_wconf 89' lang='lat' dir='ltr'><strong>crura</strong></span> <span class='ocrx_word' id='word_1_477' title='bbox 1403 4609 1492 4666; x_wconf 89' lang='lat' dir='ltr'><strong>unius</strong></span> <span class='ocrx_word' id='word_1_478' title='bbox 1514 4605 1556 4666; x_wconf 87' lang='grc'>00</span> <span class='ocrx_word' id='word_1_479' title='bbox 1577 4621 1654 4668; x_wconf 84' lang='lat' dir='ltr'><strong>crura</strong></span> 
     </span>
     <span class='ocr_line' id='line_1_49' title="bbox 307 4684 1655 4771; baseline 0.005 -26"><span class='ocrx_word' id='word_1_480' title='bbox 307 4685 436 4762; x_wconf 87' lang='lat' dir='ltr'><strong>alteriue,</strong></span> <span class='ocrx_word' id='word_1_481' title='bbox 458 4686 501 4746; x_wconf 87' lang='lat' dir='ltr'>sic</span> <span class='ocrx_word' id='word_1_482' title='bbox 523 4686 602 4745; x_wconf 90' lang='grc'>00010</span> <span class='ocrx_word' id='word_1_483' title='bbox 618 4686 709 4766; x_wconf 82' lang='lat' dir='ltr'><strong>(linea</strong></span> <span class='ocrx_word' id='word_1_484' title='bbox 723 4684 822 4764; x_wconf 85' lang='lat' dir='ltr'><strong>ducta)</strong></span> <span class='ocrx_word' id='word_1_485' title='bbox 846 4690 931 4747; x_wconf 89' lang='lat' dir='ltr'><strong>unlus</strong></span> <span class='ocrx_word' id='word_1_486' title='bbox 953 4687 991 4747; x_wconf 93' lang='lat' dir='ltr'><strong>ad</strong></span> <span class='ocrx_word' id='word_1_487' title='bbox 1013 4689 1097 4748; x_wconf 90' lang='lat' dir='ltr'><strong>basin</strong></span> <span class='ocrx_word' id='word_1_488' title='bbox 1121 4687 1240 4750; x_wconf 89' lang='lat' dir='ltr'><strong>alterius</strong></span> <span class='ocrx_word' id='word_1_489' title='bbox 1262 4692 1327 4751; x_wconf 88' lang='lat' dir='ltr'><strong>sive</strong></span> <span class='ocrx_word' id='word_1_490' title='bbox 1341 4690 1461 4766; x_wconf 86' lang='lat' dir='ltr'><strong>lineam,</strong></span> <span class='ocrx_word' id='word_1_491' title='bbox 1486 4701 1655 4771; x_wconf 76' lang='lat' dir='ltr'><strong>quassam</strong></span> 
     </span>
     <span class='ocr_line' id='line_1_50' title="bbox 308 4771 1654 4856; baseline 0.007 -25"><span class='ocrx_word' id='word_1_492' title='bbox 308 4771 608 4851; x_wconf 82' lang='lat' dir='ltr'><strong>schematographiam</strong></span> <span class='ocrx_word' id='word_1_493' title='bbox 640 4772 708 4833; x_wconf 94' lang='lat' dir='ltr'><strong>duci</strong></span> <span class='ocrx_word' id='word_1_494' title='bbox 730 4773 852 4850; x_wconf 89' lang='lat' dir='ltr'><strong>jubetur</strong></span> <span class='ocrx_word' id='word_1_495' title='bbox 881 4774 919 4834; x_wconf 86' lang='lat' dir='ltr'><strong>ad</strong></span> <span class='ocrx_word' id='word_1_496' title='bbox 946 4774 1222 4839; x_wconf 87' lang='lat' dir='ltr'><strong>demonstrationem</strong></span> <span class='ocrx_word' id='word_1_497' title='bbox 1248 4778 1466 4856; x_wconf 81' lang='lat' dir='ltr'><strong>perficiendam.</strong></span> <span class='ocrx_word' id='word_1_498' title='bbox 1512 4783 1654 4842; x_wconf 77' lang='grc'>01000</span> 
     </span>
    </p>
   </div>
   <div class='ocr_carea' id='block_1_9' title="bbox 308 4861 1654 4944">
    <p class='ocr_par' dir='ltr' id='par_1_15' title="bbox 308 4861 1654 4944">
     <span class='ocr_line' id='line_1_51' title="bbox 308 4861 1654 4944; baseline 0.007 -24"><span class='ocrx_word' id='word_1_499' title='bbox 308 4865 377 4921; x_wconf 85' lang='lat' dir='ltr'><strong>suut</strong></span> <span class='ocrx_word' id='word_1_500' title='bbox 397 4861 428 4924; x_wconf 91' lang='lat' dir='ltr'>iu</span> <span class='ocrx_word' id='word_1_501' title='bbox 448 4867 519 4922; x_wconf 89' lang='lat' dir='ltr'><strong>uota</strong></span> <span class='ocrx_word' id='word_1_502' title='bbox 541 4867 578 4924; x_wconf 57' lang='lat' dir='ltr'><strong>et*</strong></span> <span class='ocrx_word' id='word_1_503' title='bbox 591 4863 742 4940; x_wconf 87' lang='lat' dir='ltr'><strong>proposita</strong></span> <span class='ocrx_word' id='word_1_504' title='bbox 763 4863 958 4944; x_wconf 86' lang='lat' dir='ltr'><strong>proportione,</strong></span> <span class='ocrx_word' id='word_1_505' title='bbox 981 4879 1051 4944; x_wconf 76' lang='lat' dir='ltr'><strong>erpo</strong></span> <span class='ocrx_word' id='word_1_506' title='bbox 1074 4871 1104 4926; x_wconf 92' lang='lat' dir='ltr'>et</span> <span class='ocrx_word' id='word_1_507' title='bbox 1126 4865 1222 4930; x_wconf 89' lang='lat' dir='ltr'><strong>bases.</strong></span> <span class='ocrx_word' id='word_1_508' title='bbox 1253 4865 1352 4944; x_wconf 87' lang='lat' dir='ltr'><strong>Quare</strong></span> <span class='ocrx_word' id='word_1_509' title='bbox 1375 4867 1607 4932; x_wconf 78' lang='lat' dir='ltr'><strong>demonstrativa</strong></span> <span class='ocrx_word' id='word_1_510' title='bbox 1620 4866 1654 4930; x_wconf 85' lang='lat' dir='ltr'>sd</span> 
     </span>
    </p>
   </div>
   <div class='ocr_carea' id='block_1_10' title="bbox 0 0 1710 5426">
    <p class='ocr_par' dir='ltr' id='par_1_16' title="bbox 0 0 1710 5426">
     <span class='ocr_line' id='line_1_52' title="bbox 0 0 1710 5426; baseline 0 0"><span class='ocrx_word' id='word_1_511' title='bbox 0 0 1710 5426; x_wconf 95' lang='lat' dir='ltr'> </span> 
     </span>
    </p>
   </div>
  </div>
 </body>
</html>
