3398 5426
240 327 304 400 190
390 349 392 352 ·
578 324 765 404 >collectanea
783 289 817 382 ex
834 321 974 383 codimbus
992 319 1229 382 Polkoriensibus.
1325 273 1330 280 -

343 505 440 570 Unum
462 505 642 585 triangulum
664 523 730 568 cnm
754 513 772 569 2
795 505 981 586 sexangulis,
1004 523 1069 568 eum
1095 513 1109 568 1
1135 504 1295 586 sexangulo
1319 511 1349 566 et
1373 511 1389 566 1
1415 502 1596 582 septangula

240 603 294 661 ete.
319 599 465 674 usquein
488 595 643 657 infinitum.

342 683 378 745 lu
400 684 498 763 planis
520 687 672 761 punctatio
695 683 848 743 necesaria
870 688 915 742 eat
937 685 956 745 8
978 688 1162 761 punctorum,
1186 683 1216 740 iu
1237 679 1340 742 solidis
1357 685 1393 756 43
1417 678 1481 740 illie
1504 686 1539 739 ut
1557 679 1599 736 sit

239 772 434 848 triangulum,
457 771 514 832 'bie
536 779 569 832 ut
591 773 630 831 sit
650 773 790 850 pyramis.
835 769 902 830 Illic
923 771 1012 850 igitur
1034 769 1197 846 niangulus
1219 767 1256 830 sd
1286 767 1426 829 circulum
1451 771 1499 827 eat
1521 773 1555 825 ut
1576 772 1595 825 3

239 859 277 921 ad
300 860 429 936 indulta,
452 859 501 920 hio
523 861 652 938 pyramis
675 857 713 920 ed
734 857 920 935 sphaericum
943 856 1054 919 itidem.
1101 857 1235 935 Cumque
1258 856 1382 917 circulus
1405 862 1436 916 et
1460 853 1599 933 sphaeri-

205 1022 207 1026 .
240 964 307 1008 euru
329 951 389 1009 siut
410 947 475 1009 sola
497 948 627 1025 perlecta
641 953 671 1007 et
684 944 839 1024 regularia,
862 945 997 1023 regulare
1020 945 1120 1007 itidem
1144 946 1208 1019 erit,
1231 943 1310 1022 quod
1326 945 1459 1022 proxime
1483 940 1523 1002 ad
1548 941 1600 1002 illa
1676 991 1677 996 ,

239 1033 362 1097 secedit.
407 1035 482 1096 Sunt
506 1042 604 1096 autern
627 1035 739 1110 omnia,
768 1049 845 1113 quaa
871 1034 969 1112 plania
993 1034 1165 1108 tribuimus,
1189 1031 1303 1093 infinita
1328 1031 1457 1110 quadam
1481 1031 1599 1091 ratium

240 1125 328 1186 etiam
351 1127 379 1184 in
405 1125 512 1185 curvis.

515 1256 615 1316 Oneon.
1094 1261 1189 1318 Plana
1206 1265 1282 1316 rectu
1299 1265 1327 1316 et
1342 1259 1444 1318 saida.

173 1344 180 1366 ‘
243 1338 268 1409 1)
285 1335 411 1408 Undique
428 1333 592 1394 clauduntur
607 1334 636 1391 in
653 1333 793 1393 infinitum.
945 1338 970 1406 1)
988 1337 1114 1409 Undique
1131 1338 1302 1406 destinatur,
1324 1337 1353 1394 ln
1370 1335 1461 1408 planis
1478 1351 1538 1391 nou
1550 1333 1598 1388 mi·

990 1433 1042 1474 nus
1061 1416 1161 1488 tribus,
1180 1419 1208 1472 in
1225 1415 1320 1472 solidis
1337 1417 1356 1472 l
1372 1415 1451 1472 loeis.

242 1494 270 1566 2)
290 1493 325 1551 Se
343 1493 410 1565 ipsis
428 1492 602 1551 clauduntur.
943 1492 972 1564 2)
992 1495 1086 1550 Solida
1103 1496 1146 1552 sai
1165 1495 1297 1551 similibus
1309 1493 1399 1564 planis
1418 1490 1597 1548 clauduntur.

185 1640 190 1646 ,
241 1575 268 1644 3)
285 1575 389 1632 Latera
406 1573 449 1630 uel
468 1572 625 1644 superficies
642 1571 747 1628 habeut
763 1569 891 1628 ininfini·
943 1573 972 1642 3)
990 1573 1090 1628 Latere
1115 1573 1159 1629 rel
1181 1571 1265 1642 plana
1294 1571 1397 1628 habeut
1429 1570 1522 1626 omnia
1545 1568 1600 1623 sini

287 1657 345 1709 tum
364 1655 392 1707 et
415 1667 497 1708 uuam
513 1651 630 1722 ideoque
653 1651 705 1708 sibl
729 1649 890 1708 simillimam
991 1651 1090 1708 similia
1107 1659 1136 1710 et
1152 1651 1260 1723 eadem,
1287 1668 1340 1708 non
1365 1651 1473 1706 dvorsa
1490 1645 1538 1702 rei
1556 1645 1598 1702 di·

289 1738 317 1787 et
335 1730 569 1802 simplicissimam.
991 1727 1098 1786 lormia.

241 1809 268 1881 d)
286 1809 408 1880 Angelos
421 1809 525 1866 babent
536 1807 657 1864 iudnitos
674 1812 702 1864 et
717 1823 801 1865 uuum
819 1807 892 1864 ideo·
943 1805 975 1874 t)
992 1807 1116 1877 Angulos
1138 1823 1232 1864 omues
1255 1808 1358 1864 habent
1386 1805 1517 1878 munies
1544 1819 1602 1860 uou

287 1903 341 1959 que
359 1888 411 1944 sibi
428 1885 602 1943 simillimum.
991 1887 1090 1955 varios,
1108 1901 1163 1941 uon
1181 1885 1321 1945 dilorures.

241 1967 267 2036 5)
285 1966 382 2023 Omnia
393 1973 496 2038 puncta
507 1964 667 2036 aequalibus
679 1964 758 2022 lineis
770 1979 787 2020 a
797 1969 891 2020 ceutro
944 1964 971 2033 5)
990 1965 1090 2020 Contra
1106 1963 1250 2034 planorum
1268 1966 1339 2022 iuter
1356 1981 1396 2034 se,
1413 1964 1479 2020 item
1496 1969 1528 2020 ot
1547 1979 1598 2019 au·

288 2045 395 2103 absunt
990 2041 1047 2114 guli
1065 2043 1136 2099 iuter
1153 2057 1183 2102 as
1200 2044 1351 2115 aequaliter
1367 2043 1474 2105 absunt

348 2163 432 2226 llaec
454 2172 523 2226 snut
545 2162 704 2242 redigenda
726 2161 765 2223 ad
787 2165 940 2242 pauciora:
963 2162 989 2222 1.
1012 2161 1124 2226 Manet.
1169 2164 1207 2224 V.
1230 2165 1284 2226 Est
1305 2164 1463 2240 mutabile;
1485 2181 1601 2224 nomeu

241 2269 347 2331 nempe
375 2254 495 2314 sortitur
508 2251 635 2312 solidum
650 2271 669 2312 a
683 2252 772 2330 plano
789 2259 822 2311 ut
844 2259 874 2313 at
894 2253 1033 2328 speeiem.
1070 2251 1126 2311 111.
1151 2251 1276 2314 Videtur
1298 2255 1379 2331 priua
1401 2270 1465 2314 esse
1488 2260 1601 2328 quarto

242 2349 272 2402 et
294 2343 405 2418 quinto,
430 2356 506 2418 quaa
529 2345 558 2400 ln
581 2340 684 2400 solidis
706 2338 868 2417 pendente
883 2343 978 2401 tertio.
1017 2339 1116 2401 Curua
1136 2340 1234 2420 planis
1256 2351 1324 2402 suut
1346 2358 1436 2401 eausa
1458 2339 1602 2418 aequali·

242 2431 322 2490 tatis.
368 2427 463 2488 Plana
486 2429 584 2488 curris
605 2436 675 2487 saut
698 2444 787 2488 causa
808 2428 1033 2488 mensurationis
1055 2435 1085 2488 et
1108 2429 1329 2506 compositionis
1351 2431 1464 2491 mistae.

347 2515 395 2574 An
417 2517 506 2591 igitur
526 2518 570 2576 aie
590 2514 823 2592 procedendum,
847 2522 880 2574 ut
900 2518 994 2593 primo
1016 2515 1208 2592 procedamus
1231 2515 1378 2595 analytice
1400 2535 1419 2575 a
1440 2514 1601 2593 sphaerico

243 2601 282 2664 sd
305 2619 436 2680 corpora,
459 2603 497 2662 ab
519 2603 565 2662 bia
589 2603 627 2663 ad
649 2603 747 2680 plana,
770 2609 803 2662 ut
825 2601 990 2679 aequalitas
1013 2607 1239 2681 (contraquam
1262 2603 1403 2664 haetenus
1418 2621 1455 2664 ex
1468 2621 1500 2664 se
1515 2601 1601 2680 ipss)

244 2709 281 2754 ex
303 2706 393 2752 curro
415 2689 618 2767 intelligatur?
640 2698 746 2767 postea
767 2709 943 2760 σνστατικως
965 2690 1102 2767 apianis
1124 2691 1162 2751 ad
1185 2691 1300 2751 currui

349 2777 484 2840 Ceterum
508 2780 563 2838 erit
583 2781 673 2838 misto
694 2777 784 2838 modo
806 2776 961 2856 agendum.
997 2777 1074 2838 Naro
1088 2779 1182 2855 primo
1199 2777 1354 2840 dicendam
1378 2775 1415 2839 de
1429 2776 1600 2856 sphaerico¹

242 2874 312 2944 post
341 2864 377 2926 do
401 2874 465 2927 ortu
487 2866 583 2926 lineae
606 2874 635 2926 et
657 2865 834 2943 superficiei,
865 2864 932 2926 inde
961 2863 997 2926 de
1021 2875 1085 2926 ortu
1108 2866 1224 2942 circuli,
1253 2875 1321 2945 post
1351 2865 1388 2927 ds
1410 2864 1600 2952 regularibus

242 2953 348 3032 planis,
371 2961 434 3013 tum
458 2951 494 3014 de
516 2952 698 3030 regularibus
721 2954 899 3032 corporibus.

347 3041 539 3118 sphaericum
562 3049 591 3100 et
612 3041 772 3117 perlectum
796 3043 931 3100 terminat
952 3057 984 3100 se
1006 3047 1037 3101 et
1058 3041 1154 3118 ipsum
1168 3042 1339 3119 perlectum.
1376 3039 1480 3117 Itaque
1501 3037 1602 3100 simil·

243 3127 315 3192 lima
336 3135 421 3190 erunt
442 3129 604 3206 sphaerico,
629 3143 706 3205 quae
729 3136 759 3188 et
779 3129 910 3206 perlecta
931 3137 999 3188 sunt
1021 3129 1050 3186 iu
1072 3145 1127 3188 suo
1147 3147 1269 3207 genere,
1293 3138 1325 3189 ut
1347 3127 1452 3205 solida,
1476 3135 1507 3188 et
1527 3144 1600 3204 per-

245 3217 331 3278 lectis
354 3217 542 3277 termiuautur
565 3224 595 3277 et
616 3214 769 3294 sphaerico
791 3214 935 3276 similibus
958 3218 1093 3288 maxime,
1117 3224 1150 3276 ut
1171 3227 1240 3277 sunt
1254 3216 1433 3294 superficies.
1472 3213 1550 3275 llam
1569 3217 1600 3272 iu

245 3303 303 3364 hoc
325 3304 421 3364 cilicio
450 3312 519 3364 sunt
548 3303 691 3381 perlecta,
721 3311 751 3363 et
772 3311 841 3363 sunt
869 3305 957 3365 etiarn
987 3302 1155 3380 superficies
1185 3312 1218 3364 ut
1244 3300 1440 3381 sphaericum.
1486 3301 1600 3362 Lineae

245 3408 304 3452 uon
325 3393 453 3469 perlecta
476 3393 638 3452 terminant.
683 3389 786 3451 Sollda
807 3400 875 3451 sunt
905 3393 990 3468 qnasi
1012 3393 1151 3466 materia,
1181 3391 1350 3469 superficies
1380 3391 1466 3467 quasi
1495 3389 1600 3449 forma.

247 3477 325 3539 Saue
347 3479 531 3556 sphaericum
562 3478 635 3539 nihil
664 3480 722 3537 nisi
751 3479 919 3556 superficies
941 3487 971 3538 et
992 3478 1099 3554 lorma,
1131 3478 1208 3539 unde
1236 3487 1381 3556 quatenus
1404 3477 1519 3538 solidae
1542 3479 1601 3554 ipsi

247 3575 466 3643 comparantur,
490 3575 520 3627 et
541 3569 624 3644 ipsae
646 3572 714 3626 sunt
735 3566 905 3644 superficies
926 3571 955 3626 et
977 3565 1077 3626 lorma
1116 3565 1166 3627 Sic
1189 3566 1270 3627 Deus
1293 3568 1386 3625 iorma
1409 3565 1495 3642 quasi
1519 3581 1601 3624 mera
1675 3639 1677 3642 Ι

247 3663 306 3728 est3
329 3670 424 3713 rerum
446 3655 555 3714 lormae
578 3654 643 3714 Deo
666 3653 819 3715 similiores
842 3671 931 3731 qnam
951 3655 1081 3714 materia.
1125 3652 1198 3714 Inda
1221 3671 1267 3715 me
1289 3654 1392 3727 soluo,
1424 3650 1505 3730 quod
1528 3651 1600 3714 olim

245 3739 396 3800 dubitarit
420 3742 445 3801 sl
461 3742 583 3802 materia
597 3740 662 3802 sola
677 3749 798 3817 creatur,
821 3740 914 3802 lorma
929 3757 966 3800 ex
980 3741 1046 3802 Deo
1060 3740 1235 3819 resplendet,
1260 3741 1337 3802 unde
1354 3743 1443 3819 igitur
1467 3743 1597 3800 varietas

245 3827 428 3888 formarum?
465 3827 556 3905 Reap.
577 3829 652 3889 iorte
670 3845 728 3888 uon
752 3837 797 3890 est
818 3846 897 3889 ruera
912 3829 1018 3906 imago,
1043 3826 1095 3888 sed
1117 3829 1186 3890 tulis
1208 3831 1317 3905 imago,
1342 3845 1418 3907 quae
1440 3834 1472 3888 et
1489 3833 1598 3887 ereata

246 3915 286 3975 Et
307 3919 406 3993 imago
429 3923 474 3976 est
496 3915 649 3993 quodlibet
671 3917 834 3993 superlioiei
855 3924 995 3993 punctum
1012 3915 1172 3993 cujuslibet
1186 3915 1267 3994 plani
1282 3919 1364 3977 recti.
1402 3915 1483 3975 Nota
1497 3916 1600 3992 igitur,
1676 3933 1677 3936 ¹

247 4002 367 4077 formae,
391 4001 488 4082 quoad
511 4007 677 4077 essentiam,
699 4002 885 4081 resplendent
908 4021 944 4064 ex
967 4003 1047 4079 Deo,
1070 4003 1170 4081 quoad
1193 4002 1384 4078 differentias,
1409 4007 1543 4062 oriuntur
1564 4019 1600 4062 ex

246 4091 343 4166 rebus,
355 4098 388 4150 nt
401 4088 570 4167 superficies
586 4108 622 4151 ex
637 4091 817 4168 corporibus.
841 4089 996 4170 Omnino
1013 4091 1275 4170 metaphysica
1291 4099 1325 4152 et
1339 4091 1432 4152 baec
1455 4089 1601 4150 mathe-

247 4179 389 4239 matica
410 4176 600 4239 tradenda
622 4176 726 4238 modo
748 4177 951 4255 parallelo.
997 4179 1170 4246 Differentia
1193 4178 1261 4239 bino
1285 4186 1330 4239 est
1353 4179 1411 4239 Dei
1435 4185 1465 4238 et
1488 4177 1601 4238 iorma·

245 4281 318 4327 rom.
361 4269 393 4341 1)
416 4265 609 4343 Sphaerieum
640 4267 740 4326 omnia
766 4273 927 4342 sustentat,
958 4266 993 4341 2)
1015 4283 1048 4327 se
1077 4269 1142 4345 ipso
1172 4267 1319 4343 subsistit3
1353 4273 1385 4326 at
1407 4262 1500 4343 plana
1517 4273 1600 4326 recta

251 4355 432 4416 sustinentur
452 4350 611 4415 soliditate.

352 4440 431 4518 Quid
454 4443 542 4517 igitur
563 4447 633 4501 sunt
654 4439 774 4501 lineae?
811 4439 1001 4502 Differentiae
1023 4439 1180 4501 formarum
1195 4448 1226 4503 et
1248 4441 1471 4504 terminationes
1493 4441 1525 4498 in
1541 4439 1600 4500 lor·

248 4530 344 4591 mutis.
383 4530 445 4589 Aut
473 4531 572 4606 potins
594 4530 661 4606 ipsa
682 4528 838 4588 formarum
861 4526 998 4609 isopyron,
1030 4545 1089 4606 qna
1120 4528 1215 4606 qualis
1239 4529 1333 4590 iorma
1355 4531 1395 4588 sit
1417 4526 1599 4605 intelligitur.

251 4615 325 4676 Sunt
348 4619 466 4677 omnino
488 4625 620 4677 motuum
642 4616 763 4678 umbrae
791 4615 901 4692 lineae,
931 4618 1002 4694 quia
1030 4624 1185 4677 moventur
1211 4633 1258 4676 res
1280 4618 1310 4677 in
1333 4615 1428 4678 lincis.
1475 4615 1551 4676 Sunt
1574 4621 1600 4674 et
1673 4641 1677 4666 ι

123 4777 127 4784 Ι
251 4703 371 4764 umbrae
393 4706 555 4778 actionum,
587 4707 658 4782 qula
679 4709 770 4782 agunt
792 4703 897 4766 stellae
918 4721 971 4782 per
992 4703 1091 4765 lumen
1113 4711 1143 4769 et
1165 4704 1289 4780 anates
1311 4701 1461 4765 radiorum
1483 4701 1600 4762 radian-

252 4795 307 4854 tes.
351 4791 400 4855 An
421 4791 521 4871 anguli
544 4791 689 4875 irepyaror,
711 4791 808 4855 lineae
831 4791 1012 4854 differentiae
1033 4799 1065 4854 et
1085 4793 1304 4854 terminationes
1326 4789 1508 4854 sommant
1531 4805 1600 4852 saue
1675 4857 1677 4866 .
