3436 5416
308 261 376 333 150
411 274 421 282 ‘
466 262 472 291 ⁴
662 259 835 321 caussasse
853 277 887 320 ex
905 227 1045 323 munau}
1064 258 1297 320 perarmemus.

313 459 378 503 esse
401 418 624 522 praesupponit}
655 458 720 502 cnm
752 447 849 503 tamen
872 441 986 523 pedalis
1014 461 1072 504 non
1102 444 1148 502 sit.
1194 440 1270 503 Tum
1293 439 1408 502 demum
1432 443 1532 497 autem
1556 432 1668 512 optime

311 529 455 606 quidlibet
478 529 754 609 contemplabimur,
778 533 803 589 sl
826 531 905 608 quod
928 548 986 590 non
1011 538 1057 591 est
1077 538 1246 608 separatum
1267 545 1409 607 ponemus
1431 529 1616 602 separatum,
1638 529 1670 578 ut

309 618 422 678 iaciunt
440 617 619 678 arithmetici
642 626 672 687 et
694 626 868 694 geometrae.
913 619 951 679 Et
970 619 1046 679 haec
1070 617 1203 696 exemplo
1225 617 1361 676 ihustrst.
1399 612 1472 673 inde
1495 610 1668 686 subjungit:

308 709 408 782 itaque
438 713 516 772 recte
544 707 653 765 iaciunt
683 716 849 781 geometrae
880 714 909 766 et
940 705 976 766 de
1009 708 1124 767 entibus
1154 705 1317 784 disputant,
1348 711 1380 763 ut
1410 703 1490 762 entia
1512 706 1584 760 sumt
1609 695 1668 755 illa

306 792 428 871 Duplex
448 795 528 853 enim
552 802 598 853 ast
620 809 680 868 ens,
705 810 793 853 unum
809 802 885 868 actu,
910 794 1032 855 altarum
1050 794 1244 854 materialiter.
1275 792 1363 852 Irihro
1378 789 1419 852 Il.
1442 787 1535 866 Phys.
1553 803 1623 861 cap.
1640 789 1668 844 ι.

313 889 409 942 exstat
431 879 515 941 locus
537 879 657 939 similis:
682 880 856 950 Dicendum,
879 885 909 940 in
933 899 991 958 quo
1015 882 1129 943 differat
1152 881 1288 960 physicus
1305 899 1323 940 a
1338 877 1557 938 mathematico.
1593 871 1670 931 Nam

261 1020 264 1026 ,
307 986 435 1048 ,corpora
456 967 600 1028 naturalia
623 967 732 1028 hahent
753 969 889 1047 planities
912 978 942 1030 et
963 968 1142 1030 soliditatem
1165 977 1193 1029 et
1207 967 1420 1046 longitudinem
1444 972 1473 1026 et
1486 968 1613 1042 puncta,
1636 958 1670 1017 de

312 1057 421 1133 quibua
443 1056 505 1132 agit
520 1055 752 1116 mathematicus.
791 1056 840 1116 Sic
862 1065 892 1118 et
915 1056 988 1116 illud
1011 1059 1112 1135 quaeri
1135 1062 1247 1134 potest,
1272 1054 1451 1115 astronomia
1475 1069 1513 1111 an
1537 1051 1576 1108 sit
1600 1064 1668 1125 pars

308 1145 469 1222 physicas,
493 1160 530 1203 an
554 1142 672 1203 diverse
694 1144 837 1204 scientia?
882 1144 957 1203 Nam
980 1147 1005 1204 si
1027 1146 1153 1222 pertinet
1174 1143 1212 1204 ad
1235 1145 1403 1222 physicum,
1433 1140 1508 1200 scire
1533 1136 1612 1212 quid
1632 1138 1669 1194 sit

307 1232 379 1304 Sol,
413 1229 483 1306 quid
505 1229 607 1304 Luna,
636 1247 694 1290 non
717 1231 875 1292 absurdum
899 1234 988 1293 etiarn
1008 1234 1062 1294 illa
1083 1236 1170 1307 acho,
1203 1248 1279 1308 quae
1307 1231 1366 1290 illis
1388 1246 1440 1307 per
1462 1245 1495 1286 sc
1518 1223 1668 1285 accidant.

306 1317 453 1395 idemque
478 1335 543 1378 cum
565 1317 655 1392 alias,
686 1326 748 1379 tum
771 1321 841 1396 quis
865 1319 997 1380 videmus
1021 1321 1116 1382 dicere
1139 1319 1277 1398 physicos
1299 1321 1388 1380 etiam
1411 1315 1447 1375 de
1469 1314 1570 1389 figora
1594 1311 1669 1373 Solis

307 1413 342 1469 et
364 1405 483 1480 Lunae,
507 1414 596 1482 atque
619 1408 724 1479 stiam,
748 1425 785 1466 an
808 1407 934 1468 rotunda
955 1410 994 1469 sit
1016 1408 1107 1469 Terra
1128 1416 1157 1469 et
1179 1406 1307 1468 Mundus
1330 1422 1431 1467 necne.
1478 1402 1590 1478 ltaque
1612 1400 1671 1474 egil

311 1491 431 1571 quidem
454 1494 676 1554 mathematicus
699 1492 735 1555 ds
758 1495 814 1570 his,
838 1495 890 1556 ssd
913 1512 971 1556 non
994 1504 1138 1573 qnatenus
1160 1505 1228 1557 sunt
1242 1495 1356 1572 singula
1372 1492 1503 1570 corporis
1525 1485 1669 1548 naturalis

314 1584 473 1656 examinat,
496 1598 592 1659 nsque
608 1584 695 1642 etiam
711 1582 874 1645 accidentia
890 1584 1062 1658 considerat,
1087 1601 1164 1661 qnae
1179 1583 1315 1645 accidunt
1329 1583 1397 1654 illis,
1421 1586 1574 1656 quatenus
1590 1575 1669 1647 talis,

307 1687 341 1729 n.
364 1668 510 1730 naturalia
532 1677 609 1745 sunt,
632 1687 722 1747 quare
746 1672 834 1730 etiarn
856 1680 982 1750 separat.
1011 1673 1086 1732 Nam
1109 1689 1185 1748 qnae
1208 1671 1246 1732 ad
1268 1677 1378 1731 motum
1396 1669 1553 1746 pertinent,
1576 1668 1669 1722 ments

312 1759 441 1836 separari
464 1763 596 1835 possunt,
624 1764 653 1818 et
675 1757 717 1817 nil
740 1759 916 1818 incommodi
939 1762 1070 1836 sequitur
1092 1777 1146 1822 neo
1169 1777 1264 1822 errore
1286 1757 1422 1819 laborant
1443 1757 1495 1831 qui
1520 1755 1669 1829 separant·

25 1826 85 1875 '¹
201 1860 203 1863 ’
306 1844 377 1907 Hoc
400 1844 477 1905 olere
495 1847 627 1904 cernitur
649 1847 679 1903 in
701 1844 759 1905 illis
776 1846 988 1907 mathematicis
1003 1849 1148 1922 scientiis,
1173 1865 1249 1925 quse
1265 1848 1414 1924 propiores
1429 1849 1500 1902 sunt
1516 1839 1669 1918 physices,

307 1940 345 1992 nt
365 1936 396 1993 in
418 1934 534 2011 optica,
563 1933 740 2006 harmonica,
764 1933 943 2013 astrologia,
972 1939 1186 2014 reciprocantur
1208 1953 1237 1996 n.
1262 1930 1479 2010 quodammodo
1504 1946 1578 1989 cum
1599 1942 1669 2002 geo·

306 2022 422 2083 metris.
467 2019 578 2080 Verum
601 2022 761 2096 geometria
782 2022 846 2098 agit
868 2021 903 2083 de
927 2021 1050 2099 physica
1071 2021 1150 2083 linea
1180 2022 1308 2099 quidem,
1332 2029 1363 2081 at
1384 2036 1441 2078 nou
1465 2024 1499 2078 ιιι
1523 2022 1574 2076 est
1597 2013 1670 2093 phy·

307 2105 464 2274 pipppwppd
488 2111 583 2187 optioe
606 2107 694 2170 habet
716 2108 954 2191 mathematicam
967 2109 1083 2192 lineam,
1107 2127 1165 2170 non
1185 2127 1262 2188 quae
1278 2107 1495 2179 mathematica,
1521 2103 1579 2164 sed
1595 2116 1668 2179 qnae

904 2378 1018 2468 Caput
1046 2376 1079 2448 3.

808 2523 899 2587 Quid
920 2523 966 2580 stt
988 2525 1171 2589 Quantum.

417 2646 542 2720 Eorum,
570 2648 666 2724 inquit
689 2649 862 2711 nrinoteles
884 2653 913 2709 ln
938 2650 1115 2728 categoriis,
1138 2667 1215 2728 quae
1237 2651 1300 2710 sine
1322 2647 1478 2724 complexu
1501 2646 1669 2714 efferuntur,

308 2731 466 2810 quodlibet
497 2739 548 2793 aut
575 2736 772 2797 substantiam
799 2747 852 2799 aut
881 2748 1022 2815 quantum
1052 2750 1105 2797 aut
1131 2739 1255 2797 relatura
1282 2735 1437 2812 signifieat.
1485 2731 1555 2806 Quo
1575 2735 1670 2791 innuit

308 2819 516 2899 philosophus,
540 2831 652 2898 quanta
676 2828 851 2886 constituere
872 2842 963 2889 unum
986 2827 1139 2886 andecam
1155 2827 1277 2886 summis
1292 2840 1387 2884 rerum
1402 2823 1572 2899 generibus,
1597 2836 1670 2896 qno·

310 2925 465 2969 runcum
489 2926 596 2968 novem
619 2912 678 2969 sint
700 2930 735 2972 ex
762 2930 883 2972 numero
898 2930 1024 2986 eorum,
1057 2930 1133 2990 ques
1156 2931 1187 2973 se
1217 2916 1289 2990 ipsis
1319 2928 1377 2970 non
1406 2910 1592 2981 subsistunt,
1621 2905 1670 2967 eorl

310 2991 416 3065 ὁιικως
439 2996 628 3056 materialiter
650 3001 715 3059 sive
737 3017 788 3078 per
810 3000 1011 3060 inhaesionem
1035 3002 1064 3058 in
1086 3001 1160 3075 ello,
1185 3003 1310 3078 primurn
1332 3001 1408 3056 inter
1430 3015 1468 3056 aa
1490 2995 1592 3055 locum
1615 2997 1668 3054 ob·

244 3084 246 3087 ’
312 3086 386 3144 tinet
408 3100 503 3159 genus
526 3091 713 3159 quantorum.
752 3086 838 3162 Quod
862 3090 937 3147 enim
961 3091 1057 3165 priora
1079 3095 1190 3164 quanta
1212 3091 1270 3146 sint
1288 3086 1394 3145 relatis
1413 3083 1668 3161 praedicamentis,

309 3170 341 3228 id
358 3188 416 3248 -per
440 3188 472 3231 se
494 3173 679 3248 perspicuum
704 3182 757 3246 est,
781 3173 861 3250 quod
886 3192 954 3234 vero
978 3177 1065 3235 etiam
1088 3179 1117 3232 in
1141 3176 1304 3250 congenitis
1326 3173 1511 3232 substantiae
1536 3170 1668 3230 allectio-

311 3257 398 3316 nibus
420 3259 546 3335 primum
568 3258 666 3318 locum
683 3260 834 3321 obtineant
849 3268 968 3336 quanta,
990 3263 1059 3321 inde
1083 3270 1170 3339 patet,
1195 3266 1273 3336 quia,
1298 3262 1552 3334 ubicunqussunt
1570 3257 1667 3334 qnali-

309 3352 397 3417 tates,
422 3345 463 3402 ihi
485 3351 553 3403 sunt
576 3352 605 3405 cl
628 3351 816 3421 quantitates,
841 3363 898 3406 non
918 3357 1022 3407 contra
1044 3365 1167 3427 semper.
1199 3347 1277 3424 Quid
1302 3364 1372 3407 vcro
1394 3349 1434 3404 sit
1456 3355 1612 3421 quantum,
1634 3361 1667 3403 ex

307 3433 370 3509 jam
391 3431 480 3499 >(liceis
496 3439 581 3509 ,patet
604 3434 746 3508 nonnihil,
768 3452 809 3495 sc.
825 3436 905 3512 quod
927 3439 966 3495 sit
988 3435 1122 3496 accidens
1142 3437 1324 3494 substantiae
1344 3435 1527 3511 primarium,
1552 3433 1666 3492 Aristo·

308 3518 383 3579 tales
406 3520 436 3576 in
457 3518 624 3597 categoriis
646 3517 686 3590 ὡς
708 3521 739 3582 a'a
760 3544 841 3599 τυπῳ
865 3522 999 3600 explicat,
1025 3532 1056 3581 ut
1079 3522 1204 3600 exempli
1226 3525 1321 3598 gratia
1345 3520 1521 3592 bicubitale,
1546 3519 1666 3579 tricubi-

311 3606 381 3679 tale,
404 3603 457 3664 sed
479 3606 555 3665 libro
579 3605 616 3667 V.
640 3606 712 3668 Mat.
734 3627 798 3688 cap.
822 3616 870 3671 13.
893 3618 1044 3685 quantum,
1067 3612 1117 3684 ait,
1141 3619 1187 3669 est
1208 3609 1257 3681 id,
1282 3607 1362 3685 quod
1384 3607 1538 3667 dividuum
1563 3615 1609 3666 est
1629 3603 1666 3673 eir

309 3690 524 3771 e'ruuappona,
549 3695 578 3750 in
602 3702 707 3770 partes,
731 3713 808 3772 quae
831 3698 859 3754 in
883 3704 945 3756 toto
969 3701 1079 3770 insunt,
1103 3714 1227 3773 quorum
1254 3706 1307 3756 ant
1328 3695 1452 3755 alterum
1474 3702 1530 3753 seut
1551 3693 1664 3769 singola

309 3787 380 3858 epta
402 3788 465 3839 rata
487 3790 568 3852 sunt,
599 3788 632 3839 ut
654 3784 713 3842 sint
735 3792 764 3843 et
786 3783 919 3843 dieantur
942 3802 1031 3844 unum
1053 3783 1123 3860 quid
1147 3794 1177 3844 et
1199 3783 1348 3861 singulare
1369 3785 1450 3859 (rods
1471 3780 1527 3859 u),
1557 3782 1663 3857 qarbu

313 3868 412 3929 vorbis
436 3866 573 3927 describit
595 3884 641 3927 res
665 3877 800 3946 quantas,
821 3888 880 3929 non
903 3873 981 3948 ipsas
1004 3875 1192 3949 quantitates.

414 3953 536 4014 Veteres
559 3954 740 4033 philosophi,
763 3957 979 4017 considerantes
1002 3976 1185 4018 numerorum
1209 3967 1238 4017 et
1260 3957 1491 4034 magnitudinem
1514 3954 1662 4032 etampli-

310 4041 451 4114 tsdinsm,
475 4058 540 4100 cum
563 4041 635 4101 nihil
650 4051 728 4103 esset
743 4045 772 4101 in
787 4053 850 4104 toto
867 4048 1003 4105 universo
1024 4049 1062 4104 iis
1078 4063 1189 4124 expers,
1214 4044 1386 4104 definierunt
1406 4046 1587 4120 quantitates
1603 4057 1662 4102 esse

308 4147 406 4189 rerum
429 4130 570 4207 principia
591 4130 779 4208 feceruntque
802 4131 884 4191 ideas
905 4141 1056 4210 separatas
1072 4151 1108 4192 ex
1123 4135 1177 4207 iis3
1200 4149 1275 4209 quos
1291 4134 1410 4210 copiose
1425 4131 1534 4191 refutat
1549 4132 1662 4189 Aristo·

309 4217 384 4278 tales
406 4218 436 4274 in
459 4215 680 4294 Metaphysicls.

414 4302 617 4381 Propriisstme
638 4321 710 4365 vero
731 4303 880 4380 loquendo
904 4308 1128 4380 quantitatisin
1144 4323 1250 4382 genere
1273 4305 1403 4365 definitis
1426 4304 1510 4364 nulla
1532 4303 1595 4362 dari
1611 4318 1661 4380 po·

308 4397 382 4463 lest,
409 4397 435 4450 1.
453 4393 522 4464 quia
540 4399 584 4451 est
598 4408 744 4451 summum
766 4409 875 4467 genus,
907 4399 936 4452 ι.
953 4396 1023 4469 quia
1039 4410 1096 4451 vox
1120 4387 1363 4470 despicerem...
1395 4392 1501 4468 ltaque
1517 4392 1599 4469 prius
1620 4395 1660 4448 est

310 4477 464 4556 partienda
486 4482 516 4537 in
539 4495 594 4538 sna
614 4479 794 4558 significata,
819 4487 886 4557 post
907 4480 1030 4557 singulis
1053 4497 1124 4540 suae
1148 4480 1340 4555 definitiones,
1363 4480 1388 4539 si
1412 4496 1491 4555 quae
1511 4488 1592 4552 sunt,
1614 4493 1659 4537 sse

308 4563 481 4644 signandae.
534 4622 537 4626 .
