3436 5416
394 359 419 417 g
493 338 526 408 rr
544 299 653 398 eertum
671 339 704 396 n.
722 337 859 410 mooun
876 339 974 398 neue.
1027 363 1029 371 =

270 522 444 589 Henetiam
467 525 611 599 ingenuas
632 525 662 579 in
685 527 800 599 sceptra
821 534 961 596 reponere
984 535 1067 580 curas

355 609 479 688 Quoque
502 617 586 689 petes
609 616 704 670 aretas
726 606 903 686 amplificare
926 605 1025 670 modo.

269 699 415 778 Tempora
437 699 585 758 nobilibus
608 697 737 767 condunt
758 697 909 776 pereuntia
930 698 1031 773 siguis,

243 839 248 852 .
358 788 493 847 Aetatem
516 783 615 845 muudi
638 793 758 864 pectora
780 785 865 843 bruta
887 782 1000 858 docent,

272 873 389 950 Quanta
411 877 451 933 sit
473 874 631 952 expediunt
653 873 802 934 coelorum
825 871 942 931 condita
962 871 1054 932 moles

360 961 515 1038 Quamque
537 965 575 1020 sit
597 962 742 1021 humanae
765 959 921 1021 commoda
942 959 1035 1020 forma
1057 958 1169 1033 domus,

273 1049 318 1110 Ne
343 1049 424 1109 velut
446 1052 548 1126 ignota
569 1052 653 1108 vivat
674 1052 844 1128 peregrinae
866 1050 895 1105 in
918 1048 990 1109 urbe

359 1136 526 1214 Terrigenas,
549 1135 670 1215 hospitii
691 1140 807 1196 nescius
828 1137 892 1213 ipse
914 1136 968 1194 sni.

268 1223 381 1302 decipe,
404 1224 544 1300 mortalia,
567 1224 690 1298 stolidos
713 1223 858 1302 deponere
880 1222 986 1283 fastus:

360 1311 509 1388 Quantula
532 1310 568 1373 de
591 1310 699 1372 ruuudo
722 1314 825 1392 portio,
849 1327 969 1387 quaeso,
992 1317 1044 1369 tun
1065 1311 1123 1370 esti

274 1396 351 1473 Quin
374 1403 462 1460 etiam
485 1401 628 1460 humanos
651 1399 785 1476 adjurant
807 1401 941 1476 gnaviter
963 1415 1036 1457 usus
1179 1401 1182 1406 '

360 1483 401 1562 (O
424 1505 469 1547 res
492 1491 613 1564 ingratia
635 1505 724 1564 saepe
747 1485 880 1547 iteranda
902 1487 1002 1562 viris);

273 1573 401 1636 Uranien
422 1574 567 1635 foecunda
589 1575 677 1636 Ceres
699 1576 892 1651 Bacchusque
915 1574 1082 1651 loquuntur,

360 1663 456 1722 Fanni
480 1662 658 1741 capripedes
681 1663 883 1739 Areadinaqne
905 1661 996 1722 Deus.

275 1748 383 1812 Uranie
406 1752 572 1811 instabilem
594 1753 766 1812 constrinxit
786 1750 881 1811 Nerea
903 1753 1009 1825 nautis,

361 1839 465 1898 Aeolia
487 1835 594 1899 Uranie
617 1840 672 1898 sub
691 1839 765 1916 juga
788 1847 883 1900 castra
905 1836 994 1898 dedit.

274 1924 358 1988 Haec
381 1929 445 1986 avis
466 1925 616 2003 Hispanos
638 1927 729 1987 alium
752 1924 873 1986 deduxit
894 1927 923 1984 in
947 1926 1055 1998 orbem,

360 2013 440 2074 Huic
461 2017 551 2075 cessit
573 2013 688 2076 clausae
710 2032 782 2092 gens
805 2013 974 2074 tremefacta
995 2014 1080 2089 iores,

275 2098 383 2162 Uranie
406 2101 538 2162 Batavos
559 2119 652 2162 saera
673 2106 804 2162 servavit
827 2103 865 2162 ab
888 2109 977 2174 arcto,

362 2188 444 2266 Quos
467 2190 542 2267 iugit
564 2189 655 2249 multo
677 2195 807 2268 tempore
830 2189 933 2249 clausa
955 2188 1027 2264 dies,

276 2277 373 2338 Tanta
395 2276 474 2337 dedit
497 2277 645 2354 qnondam
668 2276 772 2338 cultori
793 2280 924 2354 praemia
946 2276 1038 2352 dives,

362 2365 428 2424 Non
451 2364 586 2442 equidem
608 2374 737 2440 cunctas,
761 2365 879 2439 credite,
902 2363 977 2424 indit
999 2381 1078 2442 opes.

280 2451 398 2512 claudit
420 2453 624 2514 inexhaustam
645 2455 754 2530 grunno
777 2451 940 2530 praedivite
962 2470 1074 2529 gazam,
1106 2475 1108 2478 ·

364 2541 426 2599 Dat
448 2559 526 2601 nova
548 2558 607 2600 non
629 2543 720 2618 pigris
742 2559 861 2601 munera
884 2539 964 2600 culta
985 2542 1066 2600 viris.
1135 2587 1139 2596 .

278 2627 347 2688 Vim
371 2628 446 2689 coeli
467 2636 594 2690 reserate
617 2631 681 2704 viri,
705 2631 787 2689 venit
808 2630 909 2706 agnita
930 2628 969 2688 ad
991 2645 1086 2702 usum,

364 2715 489 2792 Ignotae
512 2715 613 2777 videas
634 2716 787 2777 commoda
808 2715 890 2776 nulla
910 2717 961 2775 rei.

278 2802 386 2865 Clausa
408 2807 520 2880 aperire
542 2803 635 2878 labor,
658 2805 711 2865 sed
733 2806 849 2882 apertis·
864 2821 923 2863 oon
944 2801 1028 2864 labor
1050 2803 1107 2878 uti;

364 2887 493 2952 Naturae
514 2893 632 2968 ingenie
654 2895 715 2980 qim
737 2899 863 2953 reserata
884 2893 949 2952 viri.

278 2977 322 3039 Mi
344 2996 472 3056 quoque,
494 2979 574 3040 Dira
595 2987 709 3056 potens,
732 2982 852 3058 propina
872 2979 1005 3056 perculta
1027 2977 1164 3054 dedistl,-
1230 2991 1234 3000 ’

367 3068 411 3128 Ne
435 3069 543 3127 cruciet
564 3075 691 3128 mentem
713 3086 791 3128 vana
806 3069 990 3145 anperstitio.

279 3153 388 3215 Dulcia
410 3172 470 3214 non
491 3161 606 3233 poterat
629 3173 813 3233 compescere
833 3157 947 3215 somnia
969 3154 1078 3230 Moses,

366 3242 501 3320 Suspicio
524 3258 645 3320 magnos
668 3244 776 3304 iecerat
798 3250 877 3304 astra
899 3242 996 3319 Deoa3

280 3331 368 3391 Forte
391 3333 479 3391 etiam
502 3333 631 3407 magicas
654 3333 800 3391 venissem
821 3339 973 3407 promptos
996 3329 1032 3390 ad
1056 3337 1141 3406 amca,

365 3416 493 3478 Elieiens
518 3416 603 3492 Oreo,
626 3435 700 3495 quos
722 3435 821 3495 regere
844 3425 922 3479 astra
945 3425 1058 3495 putant.

281 3503 388 3564 Intima
411 3509 581 3582 quantisper
601 3522 659 3566 non
682 3506 719 3567 ad
742 3507 903 3585 penetralia
924 3509 1001 3581 reni,

369 3592 532 3672 Explorane
554 3596 631 3654 vires
653 3593 704 3654 lux
725 3597 859 3655 animosa
881 3602 955 3666 tuas,

283 3680 425 3740 Consulat
446 3691 589 3742 astrorum
613 3684 699 3756 vires,
722 3685 889 3759 quicunqne
911 3681 1026 3742 laborat

371 3767 444 3828 Cum
467 3771 562 3829 irnctu
584 3772 682 3830 vetitis
706 3771 811 3831 obrius
834 3773 876 3830 ire
897 3768 989 3830 libris.

284 3853 388 3932 Tuque
411 3856 486 3917 adeo
509 3859 649 3917 immanes
672 3861 753 3918 terris
775 3865 907 3918 avertere
929 3863 1026 3935 pestes

370 3942 403 4005 Si
425 3939 519 4028 (quod
542 3944 631 4006 Sacra
650 3941 770 4027 jubent)
793 3945 871 4005 Dira
893 3943 1048 4021 Rndolphe
1071 3943 1168 4022 eupis3
1258 3939 1259 3944 ’

284 4029 317 4092 Si
338 4032 391 4091 tibi
414 4040 483 4092 sunt
505 4031 584 4093 cordi
605 4034 728 4094 miserae
750 4050 830 4093 nora
852 4031 1005 4092 commoda
1026 4031 1116 4106 vitae,

375 4117 477 4184 Gloria
498 4123 523 4180 si
546 4123 651 4180 summi
674 4121 770 4180 enltns
792 4137 932 4195 amorque
955 4120 1020 4194 Dei,

284 4203 371 4268 Hane
393 4209 481 4268 etiam
504 4207 629 4270 clemens
652 4209 815 4269 studiorum
837 4207 1010 4286 amplectere
1032 4212 1153 4284 partem,

371 4294 526 4356 Censeiam
549 4304 579 4356 et
599 4304 743 4356 astrorum
764 4315 852 4376 perge
873 4296 972 4357 iorcre
995 4294 1101 4356 Deam

287 4381 423 4444 Suavisti
446 4383 614 4462 Scythicum
636 4401 695 4444 non
717 4402 776 4444 una
799 4384 881 4446 clade
904 4391 1073 4462 tyranuum:

372 4471 524 4532 Imbellem
547 4489 690 4550 exsupera
711 4471 829 4532 tandem
853 4474 941 4533 etiam
963 4472 1113 4530 iuvidiam.

286 4554 388 4619 Millia'
403 4559 554 4632 militibus,
578 4561 698 4621 veniant
719 4560 806 4620 modo
830 4559 946 4637 singula
967 4559 1077 4634 Musis3

371 4646 482 4708 Neutra
502 4656 627 4725 gravant
648 4647 776 4723 reditnap
789 4648 890 4709 invida
912 4649 1022 4724 lingua,
1045 4652 1121 4705 tuos.

253 4781 258 4794 .
287 4733 320 4798 Si
341 4741 438 4797 tamen
460 4753 553 4814 nsque
576 4735 650 4797 adeo
674 4736 781 4796 multoe
803 4738 880 4815 rapit
902 4737 1000 4796 omnia
1021 4732 1114 4810 miles,

374 4822 407 4886 Si
429 4833 548 4902 cunctos
569 4824 644 4886 adeo
666 4821 746 4886 Mare
769 4825 925 4906 populatur
948 4840 1029 4906 oper,
