3478 5424
546 1838 552 1856 .
764 1774 957 1869 toruus
987 1775 1216 1868 aurarum

505 1948 741 2078 filiiflii,
777 1949 882 2063 sivi
921 1949 1227 2064 usruuuuuu
1264 1945 1477 2063 lllliltli.

357 2250 361 2260 .
416 2198 581 2258 Cumanae
600 2201 693 2258 1608.
717 2199 861 2260 ferverent
883 2198 1006 2260 dissidia
1027 2203 1100 2259 inter
1123 2200 1225 2260 fratres
1241 2200 1315 2276 lmp.
1333 2194 1525 2272 Rudolphum
1541 2197 1570 2250 et
1584 2187 1656 2246 llat-

311 2285 401 2344 thiam
426 2285 634 2360 Archiducam,
658 2302 816 2361 eorumque
842 2289 973 2347 actiones
997 2286 1085 2364 vulgo
1108 2285 1153 2346 ad.
1169 2289 1304 2364 exempla
1324 2285 1463 2344 referrent
1487 2299 1523 2340 ex
1546 2275 1657 2335 historia
1715 2343 1716 2346 Ἴ

312 2373 472 2432 Bohemica
495 2375 602 2450 petita,
634 2391 687 2448 ego
717 2372 836 2450 publica
863 2372 944 2448 vulgi
969 2377 1135 2434 curiositate
1164 2377 1275 2434 excitus
1297 2371 1335 2433 ad
1359 2370 1521 2430 Bohemica
1544 2358 1658 2439 leganda

312 2461 440 2519 animum
470 2460 580 2537 appuli.
631 2459 762 2536 Cumque
794 2458 958 2519 incidissem
990 2463 1019 2518 in
1047 2460 1197 2520 historiam
1228 2461 1373 2520 Libussae
1412 2455 1571 2532 viraginis,
1603 2455 1658 2506 arft

314 2549 429 2621 magica
444 2547 700 2619 celebratissimae,
724 2546 831 2606 factum
849 2547 975 2621 quadam
992 2555 1086 2621 nocte,
1109 2556 1142 2606 ut
1157 2555 1223 2624 post
1237 2545 1518 2622 contemplationem
1542 2539 1658 2597 siderum

313 2641 341 2692 et
360 2633 460 2692 lrunao
483 2634 560 2693 lecto
584 2636 761 2709 compositus
776 2631 864 2692 altius
880 2634 1136 2706 obdormtmeram,
1160 2643 1249 2710 atque
1272 2634 1343 2693 mihi
1366 2649 1419 2710 per
1434 2645 1571 2690 somnum
1587 2625 1659 2684 visua

312 2737 376 2779 sum
399 2719 505 2780 librum
529 2738 563 2778 ex
587 2719 723 2778 nundinis
747 2718 868 2779 allatum
891 2721 1046 2797 perlegere,
1071 2723 1154 2797 cujus
1176 2723 1224 2782 hic
1247 2731 1309 2782 erat
1332 2729 1433 2780 tenor:

419 2806 513 2881 ,Mihi
538 2803 725 2887 uurac0t01)
748 2824 853 2866 nomen
877 2817 933 2879 ast,
964 2811 1058 2884 patria
1081 2804 1264 2889 islandia2)‚
1296 2825 1385 2883 qnam
1413 2811 1531 2864 veteres
1555 2794 1660 2857 Thulen

311 2891 418 2966 dixere,
443 2904 535 2954 mater
557 2902 620 2953 erat
641 2891 865 2966 Fiolrhildis5),
890 2911 965 2968 quae
986 2912 1078 2970 nuper
1100 2893 1266 2968 manual),
1290 2890 1437 2955 scribendi
1460 2889 1534 2948 mihi
1558 2882 1662 2963 peperit

313 2980 471 3053 licentiam,
495 2981 579 3057 cujrs
602 2982 643 3040 rai
667 2979 826 3056 cupiditate
848 2981 958 3056 pridem
982 2983 1049 3039 arsi.
1093 2981 1171 3040 Dum
1195 2985 1317 3056 viveret,
1341 2981 1399 3040 hoc
1422 2978 1580 3052 diligenter
1601 2969 1661 3044 egit

312 3084 349 3128 ne
372 3069 527 3127 scriberem
537 3062 576 3147 ⁵).
622 3066 749 3126 Dicebat
771 3069 861 3140 enim,
892 3067 998 3126 multos
1020 3085 1084 3126 esse
1107 3069 1286 3144 perniciosos
1309 3085 1411 3127 osores
1434 3067 1544 3123 artium
1556 3057 1588 3139 θ),
1618 3055 1662 3130 qul

312 3152 390 3230 quod
420 3171 489 3230 prae
516 3153 693 3214 hebetudine
724 3156 828 3212 mentis
858 3169 915 3212 non
945 3156 1079 3230 capiunt,
1110 3154 1139 3212 id
1166 3154 1381 3215 calumnientur
1408 3154 1554 3228 legesque
1581 3147 1664 3220 figuli*

310 3241 466 3317 injuriosas
488 3241 617 3300 humano
640 3235 790 3316 generi⁷);
813 3242 919 3314 quibus
942 3256 1012 3299 sane
1035 3239 1147 3316 legibus
1170 3259 1228 3300 non
1249 3243 1337 3319 pauci
1360 3233 1535 3312 damnati⁸)
1560 3231 1665 3293 Heclae

313 3329 500 3403 voraginibus
529 3327 635 3387 luerint
666 3327 794 3402 absorpti
803 3320 840 3400 9).
885 3324 972 3400 Quod
999 3343 1104 3386 nomen
1133 3335 1210 3388 esset
1235 3332 1312 3404 patri
1334 3345 1401 3387 meo
1415 3321 1467 3404 ¹⁰),
1501 3327 1569 3400 ipsa
1595 3333 1665 3376 nun·

312 3431 400 3490 qnam
424 3413 510 3486 dixit,
534 3416 708 3491 piscatorem
731 3413 821 3472 fuisse
844 3417 874 3471 et
896 3422 1012 3472 centum
1035 3416 1246 3490 quinquaginta
1267 3431 1411 3474 annorum
1440 3429 1545 3472 senem
1569 3409 1665 3467 deaes-

312 3503 385 3560 sisse
408 3501 594 3577 perhibebat,
625 3517 672 3559 me
695 3500 810 3558 tertium
832 3503 938 3558 aetatis
961 3517 1067 3559 annum
1091 3509 1210 3576 agente,
1243 3519 1309 3561 cnm
1338 3501 1389 3561 ille
1418 3499 1666 3576 septuagesimum

314 3586 379 3663 plus
403 3589 498 3645 minus
520 3603 628 3647 annum
652 3589 681 3644 in
704 3603 758 3644 sno
783 3586 904 3644 vixisset
926 3582 1176 3668 matrimonio¹¹).

416 3673 519 3731 Primis
548 3674 691 3750 pueritiae
729 3673 811 3731 annis
843 3679 936 3731 mater
966 3691 1011 3732 me
1041 3691 1127 3732 manu
1157 3674 1274 3735 trahens
1305 3675 1515 3751 interdumque
1544 3667 1667 3730 humeris

313 3758 472 3818 sublevans
495 3761 595 3818 crebro
618 3757 762 3818 adducere
785 3765 829 3818 est
844 3759 932 3818 solita
955 3761 984 3816 in
999 3759 1154 3818 humiliora
1172 3761 1246 3837 juga
1260 3763 1368 3820 montis
1383 3761 1499 3822 Heclae
1512 3756 1564 3836 ¹²),
1588 3769 1667 3834 prae·
1724 3797 1726 3820 r

312 3848 412 3905 sertim
436 3847 512 3905 circa
533 3847 638 3904 festam
662 3844 722 3903 divi
745 3843 885 3918 Joannis,
915 3846 1032 3921 quando
1055 3845 1105 3906 Sol
1129 3849 1198 3906 totis
1222 3851 1263 3908 24
1286 3849 1366 3907 horis
1389 3851 1574 3925 conspicuus
1595 3841 1668 3902 nocti
1724 3835 1726 3890 Σ

313 3931 425 3991 nullum
448 3932 587 4008 relinquit
608 3927 766 4007 loaumffl).
811 3932 881 4007 Ipsa
908 3931 1014 3991 herbas
1036 3931 1191 3992 nonnullas
1220 3933 1322 4009 legens
1349 3935 1451 3996 multis
1479 3929 1668 3996 eaeremoniis
1725 3981 1726 3984 ,

314 4018 451 4094 domique
474 4035 602 4093 coquens
616 4014 657 4099 ¹⁴)
681 4016 813 4076 sacculos
836 4019 989 4077 factitabat
1011 4036 1047 4078 ex
1069 4017 1194 4094 pellibus
1217 4022 1359 4096 caprinis,
1393 4039 1469 4098 quos
1491 4021 1615 4079 inflatos
1636 4009 1669 4074 ad
1724 4005 1726 4018 '

312 4108 440 4166 vicinum
464 4113 579 4181 portum
601 4121 708 4164 vanum
731 4106 891 4181 importans
917 4121 969 4180 pro
997 4108 1116 4164 navium
1145 4109 1275 4183 patronis
1288 4104 1333 4190 ¹⁵]
1364 4109 1478 4169 victum
1502 4108 1564 4168 hoe
1584 4109 1667 4183 pacto
1725 4145 1726 4148 ,

313 4191 507 4254 sustentabat
1725 4199 1726 4206 ’

418 4279 492 4338 Cum
522 4276 681 4352 aliqnando
710 4293 760 4352 per
788 4277 985 4335 curiositatem
1015 4279 1137 4336 rescisso
1160 4278 1294 4354 sacculo,
1326 4299 1414 4357 quem
1443 4289 1543 4342 mater
1574 4283 1670 4358 ignara

315 4365 470 4434 vendebat,
488 4363 643 4439 herbisque
658 4371 688 4422 et
702 4363 799 4422 linteis
814 4357 862 4435 ¹⁸),
886 4379 961 4438 qnae
975 4380 1030 4422 acu
1045 4366 1124 4440 picta
1138 4368 1236 4426 varios
1253 4368 1461 4443 praeferebant
1477 4371 1669 4435 characteres,

314 4453 481 4530 explicatis,
505 4453 598 4527 ipsam
620 4449 677 4509 hoo
699 4448 805 4508 lucello
827 4447 1023 4508 fraudantem:
1055 4457 1146 4509 mater
1168 4453 1211 4510 ira
1233 4469 1375 4516 succensa
1398 4475 1445 4517 me
1468 4457 1541 4516 loco
1565 4450 1670 4517 sacculi

313 4541 451 4600 nauclero
473 4538 622 4614 proprium
644 4535 766 4608 addixit,
790 4542 823 4593 nt
845 4536 909 4610 ipsa
931 4538 1083 4611 pecuniam
1106 4541 1249 4599 retineret.
1295 4542 1394 4618 Atque
1418 4545 1444 4602 is
1467 4544 1618 4620 postridie
1640 4555 1671 4599 er

315 4630 463 4703 insperato
478 4626 598 4685 solvens
613 4641 629 4684 e
644 4629 739 4699 portu,
762 4621 892 4680 secundo
915 4630 1002 4680 vento
1026 4626 1110 4697 quasi
1125 4623 1236 4700 Bergae
1250 4626 1446 4705 Nordwegiae
1463 4631 1613 4692 tendehat
1625 4623 1671 4708 17)-

313 4712 386 4772 Post
412 4713 527 4788 aliquot
558 4710 621 4770 dies
651 4712 742 4769 borea
767 4702 959 4787 surgentem)
991 4711 1064 4768 inter
1093 4709 1296 4785 Nordwegiam
1325 4722 1355 4774 et
1383 4717 1527 4795 Angliam
1559 4721 1672 4782 delatus

313 4799 440 4859 Daniam
462 4801 547 4876 petiit
569 4798 732 4872 fretumque
761 4810 913 4867 emensus,
941 4809 1005 4853 cum
1033 4795 1152 4853 haberet
1178 4795 1277 4856 literas
1305 4803 1436 4880 episcope
1469 4808 1613 4868 quandjcq
1629 4801 1673 4882 ra),

313 4886 470 4947 uadeudas
485 4884 617 4962 Tyahoni
634 4883 729 4943 Brahe
746 4881 841 4955 Dauo,
864 4882 914 4957 qni
937 4881 967 4939 in
990 4880 1086 4940 insula
1101 4881 1197 4942 Wena
1212 4882 1375 4962 habitabat,
1400 4909 1457 4968 ego
1481 4912 1557 4957 vero
1582 4877 1674 4958 'vans
