<?xml version="1.0" encoding="UTF-8"?>
<!DOCTYPE html PUBLIC "-//W3C//DTD XHTML 1.0 Transitional//EN"
    "http://www.w3.org/TR/xhtml1/DTD/xhtml1-transitional.dtd">
<html xmlns="http://www.w3.org/1999/xhtml" xml:lang="en" lang="en">
 <head>
  <title>
</title>
<meta http-equiv="Content-Type" content="text/html;charset=utf-8" />
  <meta name='ocr-system' content='tesseract 3.04.00' />
  <meta name='ocr-capabilities' content='ocr_page ocr_carea ocr_par ocr_line ocrx_word'/>
</head>
<body>
  <div class='ocr_page' id='page_1' title='image "./joanniskepleria21frisgoog_0237.png"; bbox 0 0 3398 5426; ppageno 0'>
   <div class='ocr_carea' id='block_1_1' title="bbox 511 291 1485 408">
    <p class='ocr_par' dir='ltr' id='par_1_1' title="bbox 511 291 1485 408">
     <span class='ocr_line' id='line_1_1' title="bbox 511 291 1485 408; baseline 0.01 -12"><span class='ocrx_word' id='word_1_1' title='bbox 511 337 548 396; x_wconf 90' lang='lat'><strong>11.</strong></span> <span class='ocrx_word' id='word_1_2' title='bbox 566 335 703 396; x_wconf 88' lang='lat' dir='ltr'><strong>Historica</strong></span> <span class='ocrx_word' id='word_1_3' title='bbox 720 343 748 396; x_wconf 89' lang='lat' dir='ltr'><strong>et</strong></span> <span class='ocrx_word' id='word_1_4' title='bbox 765 335 941 408; x_wconf 82' lang='lat' dir='ltr'><strong>Philologica</strong></span> <span class='ocrx_word' id='word_1_5' title='bbox 1216 323 1217 330; x_wconf 8' lang='grc' dir='ltr'>ἵ</span> <span class='ocrx_word' id='word_1_6' title='bbox 1335 337 1400 407; x_wconf 84' lang='grc'><strong>223</strong></span> <span class='ocrx_word' id='word_1_7' title='bbox 1481 291 1485 306; x_wconf 37' lang='grc' dir='ltr'>Ι</span> 
     </span>
    </p>
   </div>
   <div class='ocr_carea' id='block_1_2' title="bbox 39 513 1400 599">
    <p class='ocr_par' dir='ltr' id='par_1_2' title="bbox 39 513 1400 599">
     <span class='ocr_line' id='line_1_2' title="bbox 39 513 1400 599; baseline 0.001 -21"><span class='ocrx_word' id='word_1_8' title='bbox 39 517 115 579; x_wconf 87' lang='lat' dir='ltr'><strong>ditis</strong></span> <span class='ocrx_word' id='word_1_9' title='bbox 144 518 270 581; x_wconf 84' lang='grc'><strong>48881</strong></span> <span class='ocrx_word' id='word_1_10' title='bbox 296 525 377 580; x_wconf 83' lang='grc'><strong>1401</strong></span> <span class='ocrx_word' id='word_1_11' title='bbox 408 517 505 599; x_wconf 78' lang='lat' dir='ltr'><strong>prodit</strong></span> <span class='ocrx_word' id='word_1_12' title='bbox 529 525 610 582; x_wconf 87' lang='grc'><strong>1980</strong></span> <span class='ocrx_word' id='word_1_13' title='bbox 633 520 835 593; x_wconf 76' lang='grc'><strong>8888018888,</strong></span> <span class='ocrx_word' id='word_1_14' title='bbox 864 517 915 596; x_wconf 90' lang='grc'><strong>881</strong></span> <span class='ocrx_word' id='word_1_15' title='bbox 945 515 1085 578; x_wconf 90' lang='lat' dir='ltr'><strong>coincidit</strong></span> <span class='ocrx_word' id='word_1_16' title='bbox 1114 533 1179 578; x_wconf 92' lang='lat' dir='ltr'><strong>cum</strong></span> <span class='ocrx_word' id='word_1_17' title='bbox 1211 518 1240 578; x_wconf 97' lang='grc'><strong>9.</strong></span> <span class='ocrx_word' id='word_1_18' title='bbox 1267 513 1400 580; x_wconf 86' lang='lat' dir='ltr'><strong>Juliano.</strong></span> 
     </span>
    </p>
   </div>
   <div class='ocr_carea' id='block_1_3' title="bbox 1 605 1400 4803">
    <p class='ocr_par' dir='ltr' id='par_1_3' title="bbox 1 605 1400 2173">
     <span class='ocr_line' id='line_1_3' title="bbox 37 605 1399 684; baseline 0 -18"><span class='ocrx_word' id='word_1_19' title='bbox 37 607 78 667; x_wconf 84' lang='lat' dir='ltr'><strong>lit</strong></span> <span class='ocrx_word' id='word_1_20' title='bbox 101 607 166 670; x_wconf 90' lang='lat' dir='ltr'><strong>hoc</strong></span> <span class='ocrx_word' id='word_1_21' title='bbox 188 623 265 668; x_wconf 91' lang='lat' dir='ltr'><strong>anuo</strong></span> <span class='ocrx_word' id='word_1_22' title='bbox 289 613 317 669; x_wconf 83' lang='lat'><strong>9.</strong></span> <span class='ocrx_word' id='word_1_23' title='bbox 340 607 461 669; x_wconf 86' lang='lat' dir='ltr'><strong>Juliuno</strong></span> <span class='ocrx_word' id='word_1_24' title='bbox 484 625 519 670; x_wconf 88' lang='lat' dir='ltr'><strong>ex</strong></span> <span class='ocrx_word' id='word_1_25' title='bbox 542 610 709 669; x_wconf 89' lang='lat' dir='ltr'><strong>testimonio</strong></span> <span class='ocrx_word' id='word_1_26' title='bbox 731 607 856 684; x_wconf 86' lang='lat' dir='ltr'><strong>Joseplri</strong></span> <span class='ocrx_word' id='word_1_27' title='bbox 879 622 984 666; x_wconf 90' lang='lat' dir='ltr'><strong>caesus</strong></span> <span class='ocrx_word' id='word_1_28' title='bbox 1007 613 1052 665; x_wconf 90' lang='lat' dir='ltr'><strong>est</strong></span> <span class='ocrx_word' id='word_1_29' title='bbox 1074 605 1250 682; x_wconf 78' lang='lat' dir='ltr'><strong>Antigonus,</strong></span> <span class='ocrx_word' id='word_1_30' title='bbox 1273 605 1399 666; x_wconf 91' lang='lat' dir='ltr'><strong>christo·</strong></span> 
     </span>
     <span class='ocr_line' id='line_1_4' title="bbox 36 692 1400 772; baseline -0.001 -18"><span class='ocrx_word' id='word_1_31' title='bbox 36 710 106 754; x_wconf 90' lang='lat' dir='ltr'><strong>rum</strong></span> <span class='ocrx_word' id='word_1_32' title='bbox 132 696 211 772; x_wconf 88' lang='grc'><strong>(1.8.</strong></span> <span class='ocrx_word' id='word_1_33' title='bbox 229 712 265 755; x_wconf 89' lang='grc'><strong>88</strong></span> <span class='ocrx_word' id='word_1_34' title='bbox 288 696 575 756; x_wconf 81' lang='lat' dir='ltr'><strong>Eusebii‘senlentia</strong></span> <span class='ocrx_word' id='word_1_35' title='bbox 597 695 821 756; x_wconf 83' lang='lat' dir='ltr'><strong>sacerdotalium</strong></span> <span class='ocrx_word' id='word_1_36' title='bbox 844 710 944 769; x_wconf 88' lang='lat' dir='ltr'><strong>regum</strong></span> <span class='ocrx_word' id='word_1_37' title='bbox 960 710 1012 753; x_wconf 90' lang='lat' dir='ltr'><strong>seu</strong></span> <span class='ocrx_word' id='word_1_38' title='bbox 1028 692 1305 771; x_wconf 79' lang='lat' dir='ltr'><strong>Macchabaeorum)</strong></span> <span class='ocrx_word' id='word_1_39' title='bbox 1329 692 1400 753; x_wconf 92' lang='lat' dir='ltr'><strong>ulti-</strong></span> 
     </span>
     <span class='ocr_line' id='line_1_5' title="bbox 35 780 1399 860; baseline 0.001 -19"><span class='ocrx_word' id='word_1_40' title='bbox 35 799 119 842; x_wconf 85' lang='lat' dir='ltr'><strong>mus.</strong></span> <span class='ocrx_word' id='word_1_41' title='bbox 161 783 307 843; x_wconf 74' lang='lat' dir='ltr'>Eusebius</span> <span class='ocrx_word' id='word_1_42' title='bbox 327 785 415 860; x_wconf 85' lang='lat' dir='ltr'><strong>igitur</strong></span> <span class='ocrx_word' id='word_1_43' title='bbox 437 787 553 844; x_wconf 89' lang='lat' dir='ltr'><strong>omnino</strong></span> <span class='ocrx_word' id='word_1_44' title='bbox 575 783 613 844; x_wconf 91' lang='lat' dir='ltr'><strong>ud</strong></span> <span class='ocrx_word' id='word_1_45' title='bbox 635 801 743 843; x_wconf 89' lang='lat' dir='ltr'><strong>aunum</strong></span> <span class='ocrx_word' id='word_1_46' title='bbox 767 781 971 845; x_wconf 72' lang='grc'><strong>8181188888</strong></span> <span class='ocrx_word' id='word_1_47' title='bbox 1001 780 1057 841; x_wconf 91' lang='lat' dir='ltr'><strong>hoc</strong></span> <span class='ocrx_word' id='word_1_48' title='bbox 1085 780 1194 858; x_wconf 91' lang='lat' dir='ltr'><strong>duplici</strong></span> <span class='ocrx_word' id='word_1_49' title='bbox 1227 789 1399 858; x_wconf 88' lang='lat' dir='ltr'><strong>argumento</strong></span> 
     </span>
     <span class='ocr_line' id='line_1_6' title="bbox 36 867 1398 947; baseline 0.001 -19"><span class='ocrx_word' id='word_1_50' title='bbox 36 871 155 946; x_wconf 83' lang='grc'><strong>(881888</strong></span> <span class='ocrx_word' id='word_1_51' title='bbox 185 872 225 930; x_wconf 88' lang='grc'><strong>80</strong></span> <span class='ocrx_word' id='word_1_52' title='bbox 247 872 331 930; x_wconf 88' lang='lat' dir='ltr'><strong>aunis</strong></span> <span class='ocrx_word' id='word_1_53' title='bbox 354 875 415 930; x_wconf 85' lang='grc'><strong>489</strong></span> <span class='ocrx_word' id='word_1_54' title='bbox 439 872 587 943; x_wconf 82' lang='lat' dir='ltr'><strong>Danielis,</strong></span> <span class='ocrx_word' id='word_1_55' title='bbox 621 871 711 930; x_wconf 89' lang='lat' dir='ltr'><strong>altero</strong></span> <span class='ocrx_word' id='word_1_56' title='bbox 734 888 752 931; x_wconf 90' lang='lat' dir='ltr'><strong>a</strong></span> <span class='ocrx_word' id='word_1_57' title='bbox 774 871 941 930; x_wconf 89' lang='lat' dir='ltr'><strong>testimonio</strong></span> <span class='ocrx_word' id='word_1_58' title='bbox 964 867 1104 945; x_wconf 84' lang='lat' dir='ltr'><strong>Josephi)</strong></span> <span class='ocrx_word' id='word_1_59' title='bbox 1137 868 1230 928; x_wconf 82' lang='lat' dir='ltr'><strong>voluit</strong></span> <span class='ocrx_word' id='word_1_60' title='bbox 1251 885 1398 947; x_wconf 89' lang='lat' dir='ltr'><strong>apponere</strong></span> 
     </span>
     <span class='ocr_line' id='line_1_7' title="bbox 36 953 1398 1034; baseline 0.001 -18"><span class='ocrx_word' id='word_1_61' title='bbox 36 960 164 1017; x_wconf 85' lang='lat' dir='ltr'><strong>initium</strong></span> <span class='ocrx_word' id='word_1_62' title='bbox 187 959 270 1034; x_wconf 89' lang='lat' dir='ltr'><strong>regni</strong></span> <span class='ocrx_word' id='word_1_63' title='bbox 291 957 426 1018; x_wconf 83' lang='lat' dir='ltr'><strong>Herodis.</strong></span> <span class='ocrx_word' id='word_1_64' title='bbox 472 959 594 1019; x_wconf 83' lang='lat' dir='ltr'><strong>Accedit</strong></span> <span class='ocrx_word' id='word_1_65' title='bbox 616 961 745 1032; x_wconf 90' lang='lat' dir='ltr'><strong>tertium,</strong></span> <span class='ocrx_word' id='word_1_66' title='bbox 774 956 853 1034; x_wconf 89' lang='lat' dir='ltr'><strong>quod</strong></span> <span class='ocrx_word' id='word_1_67' title='bbox 876 958 1011 1034; x_wconf 78' lang='lat' dir='ltr'>exprimit</span> <span class='ocrx_word' id='word_1_68' title='bbox 1033 956 1179 1016; x_wconf 80' lang='lat' dir='ltr'>Eusebius</span> <span class='ocrx_word' id='word_1_69' title='bbox 1203 953 1322 1034; x_wconf 90' lang='lat' dir='ltr'><strong>Olymp.</strong></span> <span class='ocrx_word' id='word_1_70' title='bbox 1347 962 1398 1032; x_wconf 87' lang='grc'><strong>86,</strong></span> 
     </span>
     <span class='ocr_line' id='line_1_8' title="bbox 37 1043 1398 1124; baseline 0 -20"><span class='ocrx_word' id='word_1_71' title='bbox 37 1063 121 1121; x_wconf 85' lang='lat' dir='ltr'><strong>qnae</strong></span> <span class='ocrx_word' id='word_1_72' title='bbox 148 1045 297 1106; x_wconf 87' lang='lat' dir='ltr'><strong>celebrata</strong></span> <span class='ocrx_word' id='word_1_73' title='bbox 319 1055 363 1105; x_wconf 89' lang='lat' dir='ltr'><strong>est</strong></span> <span class='ocrx_word' id='word_1_74' title='bbox 385 1045 507 1106; x_wconf 86' lang='lat' dir='ltr'><strong>Juliano</strong></span> <span class='ocrx_word' id='word_1_75' title='bbox 525 1052 574 1122; x_wconf 90' lang='lat'><strong>10,</strong></span> <span class='ocrx_word' id='word_1_76' title='bbox 597 1063 649 1124; x_wconf 91' lang='lat' dir='ltr'><strong>pro</strong></span> <span class='ocrx_word' id='word_1_77' title='bbox 672 1048 795 1106; x_wconf 89' lang='lat' dir='ltr'><strong>termino</strong></span> <span class='ocrx_word' id='word_1_78' title='bbox 817 1061 958 1105; x_wconf 90' lang='lat' dir='ltr'><strong>annorum</strong></span> <span class='ocrx_word' id='word_1_79' title='bbox 983 1048 1053 1104; x_wconf 83' lang='grc'><strong>489.</strong></span> <span class='ocrx_word' id='word_1_80' title='bbox 1092 1043 1200 1103; x_wconf 85' lang='lat' dir='ltr'><strong>Notum</strong></span> <span class='ocrx_word' id='word_1_81' title='bbox 1224 1051 1398 1119; x_wconf 86' lang='lat' dir='ltr'><strong>astantem,</strong></span> 
     </span>
     <span class='ocr_line' id='line_1_9' title="bbox 37 1130 1399 1208; baseline -0.001 -16"><span class='ocrx_word' id='word_1_82' title='bbox 37 1133 88 1193; x_wconf 87' lang='lat' dir='ltr'><strong>rel</strong></span> <span class='ocrx_word' id='word_1_83' title='bbox 114 1142 262 1194; x_wconf 88' lang='lat' dir='ltr'><strong>autumno</strong></span> <span class='ocrx_word' id='word_1_84' title='bbox 285 1141 354 1194; x_wconf 90' lang='lat' dir='ltr'><strong>ante</strong></span> <span class='ocrx_word' id='word_1_85' title='bbox 381 1133 540 1208; x_wconf 90' lang='lat' dir='ltr'><strong>ludicrum,</strong></span> <span class='ocrx_word' id='word_1_86' title='bbox 571 1151 611 1194; x_wconf 86' lang='lat' dir='ltr'><strong>se.</strong></span> <span class='ocrx_word' id='word_1_87' title='bbox 637 1140 666 1195; x_wconf 89' lang='grc'><strong>9.</strong></span> <span class='ocrx_word' id='word_1_88' title='bbox 688 1131 819 1206; x_wconf 77' lang='lat' dir='ltr'><strong>Juliano,</strong></span> <span class='ocrx_word' id='word_1_89' title='bbox 845 1133 892 1193; x_wconf 91' lang='grc'><strong>881</strong></span> <span class='ocrx_word' id='word_1_90' title='bbox 916 1131 1054 1192; x_wconf 74' lang='lat' dir='ltr'>Calendis</span> <span class='ocrx_word' id='word_1_91' title='bbox 1078 1130 1213 1190; x_wconf 88' lang='lat' dir='ltr'><strong>Januarii</strong></span> <span class='ocrx_word' id='word_1_92' title='bbox 1241 1135 1399 1208; x_wconf 89' lang='lat' dir='ltr'><strong>sequentis,</strong></span> 
     </span>
     <span class='ocr_line' id='line_1_10' title="bbox 37 1219 1399 1300; baseline -0.001 -20"><span class='ocrx_word' id='word_1_93' title='bbox 37 1221 89 1280; x_wconf 89' lang='grc'><strong>881</strong></span> <span class='ocrx_word' id='word_1_94' title='bbox 117 1227 149 1280; x_wconf 93' lang='grc'><strong>1.</strong></span> <span class='ocrx_word' id='word_1_95' title='bbox 173 1221 265 1282; x_wconf 87' lang='lat' dir='ltr'><strong>Nisae</strong></span> <span class='ocrx_word' id='word_1_96' title='bbox 288 1224 437 1297; x_wconf 90' lang='lat' dir='ltr'><strong>sequentis</strong></span> <span class='ocrx_word' id='word_1_97' title='bbox 460 1224 584 1300; x_wconf 75' lang='lat' dir='ltr'><strong>incipere</strong></span> <span class='ocrx_word' id='word_1_98' title='bbox 608 1221 838 1298; x_wconf 81' lang='lat' dir='ltr'><strong>quadriennium.</strong></span> <span class='ocrx_word' id='word_1_99' title='bbox 878 1219 1005 1278; x_wconf 81' lang='lat' dir='ltr'><strong>Eusebio</strong></span> <span class='ocrx_word' id='word_1_100' title='bbox 1027 1220 1115 1296; x_wconf 86' lang='lat' dir='ltr'><strong>igitur</strong></span> <span class='ocrx_word' id='word_1_101' title='bbox 1137 1235 1231 1278; x_wconf 87' lang='lat' dir='ltr'><strong>annus</strong></span> <span class='ocrx_word' id='word_1_102' title='bbox 1255 1219 1399 1280; x_wconf 75' lang='grc'><strong>018118-</strong></span> 
     </span>
     <span class='ocr_line' id='line_1_11' title="bbox 35 1305 1398 1386; baseline -0.001 -20"><span class='ocrx_word' id='word_1_103' title='bbox 35 1325 96 1367; x_wconf 88' lang='lat' dir='ltr'><strong>nus</strong></span> <span class='ocrx_word' id='word_1_104' title='bbox 119 1309 180 1368; x_wconf 80' lang='lat' dir='ltr'><strong>luit</strong></span> <span class='ocrx_word' id='word_1_105' title='bbox 202 1311 231 1366; x_wconf 91' lang='lat' dir='ltr'><strong>in</strong></span> <span class='ocrx_word' id='word_1_106' title='bbox 254 1311 361 1382; x_wconf 91' lang='lat' dir='ltr'><strong>auimo,</strong></span> <span class='ocrx_word' id='word_1_107' title='bbox 385 1311 469 1386; x_wconf 88' lang='lat' dir='ltr'><strong>quasi</strong></span> <span class='ocrx_word' id='word_1_108' title='bbox 487 1316 514 1369; x_wconf 90' lang='lat'><strong>1.</strong></span> <span class='ocrx_word' id='word_1_109' title='bbox 531 1308 761 1369; x_wconf 83' lang='grc'><strong>11888118881181</strong></span> <span class='ocrx_word' id='word_1_110' title='bbox 783 1324 849 1368; x_wconf 91' lang='lat' dir='ltr'><strong>curn</strong></span> <span class='ocrx_word' id='word_1_111' title='bbox 867 1312 917 1366; x_wconf 88' lang='lat'><strong>10.</strong></span> <span class='ocrx_word' id='word_1_112' title='bbox 932 1305 1053 1366; x_wconf 85' lang='lat' dir='ltr'><strong>Juliano</strong></span> <span class='ocrx_word' id='word_1_113' title='bbox 1077 1323 1259 1384; x_wconf 89' lang='lat' dir='ltr'><strong>componere.</strong></span> <span class='ocrx_word' id='word_1_114' title='bbox 1285 1306 1398 1384; x_wconf 79' lang='lat' dir='ltr'><strong>Quodsi</strong></span> 
     </span>
     <span class='ocr_line' id='line_1_12' title="bbox 38 1393 1398 1475; baseline 0 -21"><span class='ocrx_word' id='word_1_115' title='bbox 38 1395 236 1471; x_wconf 81' lang='lat' dir='ltr'><strong>conjecturae</strong></span> <span class='ocrx_word' id='word_1_116' title='bbox 258 1395 349 1470; x_wconf 90' lang='lat' dir='ltr'><strong>loeus,</strong></span> <span class='ocrx_word' id='word_1_117' title='bbox 373 1395 501 1456; x_wconf 83' lang='lat' dir='ltr'><strong>Eusebio</strong></span> <span class='ocrx_word' id='word_1_118' title='bbox 523 1396 642 1475; x_wconf 87' lang='lat' dir='ltr'><strong>puerilis</strong></span> <span class='ocrx_word' id='word_1_119' title='bbox 666 1411 755 1455; x_wconf 87' lang='lat' dir='ltr'><strong>cauea</strong></span> <span class='ocrx_word' id='word_1_120' title='bbox 777 1395 830 1455; x_wconf 91' lang='grc'><strong>1811</strong></span> <span class='ocrx_word' id='word_1_121' title='bbox 853 1394 976 1455; x_wconf 85' lang='lat' dir='ltr'><strong>errandi.</strong></span> <span class='ocrx_word' id='word_1_122' title='bbox 1014 1393 1103 1469; x_wconf 84' lang='lat' dir='ltr'><strong>(Nam</strong></span> <span class='ocrx_word' id='word_1_123' title='bbox 1126 1395 1165 1455; x_wconf 91' lang='lat' dir='ltr'><strong>ab</strong></span> <span class='ocrx_word' id='word_1_124' title='bbox 1188 1396 1253 1472; x_wconf 91' lang='lat' dir='ltr'><strong>ipso</strong></span> <span class='ocrx_word' id='word_1_125' title='bbox 1269 1395 1398 1455; x_wconf 84' lang='lat' dir='ltr'><strong>Eusebio</strong></span> 
     </span>
     <span class='ocr_line' id='line_1_13' title="bbox 36 1478 1399 1560; baseline 0 -19"><span class='ocrx_word' id='word_1_126' title='bbox 36 1482 167 1544; x_wconf 81' lang='lat' dir='ltr'><strong>linxisse</strong></span> <span class='ocrx_word' id='word_1_127' title='bbox 190 1499 330 1557; x_wconf 81' lang='lat' dir='ltr'><strong>emerem,</strong></span> <span class='ocrx_word' id='word_1_128' title='bbox 361 1491 484 1543; x_wconf 91' lang='lat' dir='ltr'><strong>testatur</strong></span> <span class='ocrx_word' id='word_1_129' title='bbox 507 1487 599 1545; x_wconf 87' lang='lat' dir='ltr'><strong>versio</strong></span> <span class='ocrx_word' id='word_1_130' title='bbox 624 1482 811 1560; x_wconf 82' lang='lat' dir='ltr'><strong>Hieronymi,</strong></span> <span class='ocrx_word' id='word_1_131' title='bbox 844 1499 920 1559; x_wconf 90' lang='lat' dir='ltr'><strong>quae</strong></span> <span class='ocrx_word' id='word_1_132' title='bbox 943 1478 1045 1544; x_wconf 88' lang='lat' dir='ltr'><strong>cadem</strong></span> <span class='ocrx_word' id='word_1_133' title='bbox 1068 1481 1157 1542; x_wconf 88' lang='lat' dir='ltr'><strong>habet</strong></span> <span class='ocrx_word' id='word_1_134' title='bbox 1187 1482 1292 1543; x_wconf 89' lang='lat' dir='ltr'><strong>iisdem</strong></span> <span class='ocrx_word' id='word_1_135' title='bbox 1315 1485 1399 1544; x_wconf 88' lang='lat' dir='ltr'><strong>aunis</strong></span> 
     </span>
     <span class='ocr_line' id='line_1_14' title="bbox 38 1568 1398 1648; baseline 0.001 -19"><span class='ocrx_word' id='word_1_136' title='bbox 38 1571 153 1630; x_wconf 87' lang='lat' dir='ltr'><strong>eodem</strong></span> <span class='ocrx_word' id='word_1_137' title='bbox 174 1587 269 1631; x_wconf 90' lang='lat' dir='ltr'><strong>errore</strong></span> <span class='ocrx_word' id='word_1_138' title='bbox 292 1573 493 1648; x_wconf 88' lang='lat' dir='ltr'><strong>transposita.)</strong></span> <span class='ocrx_word' id='word_1_139' title='bbox 531 1571 604 1632; x_wconf 79' lang='lat' dir='ltr'><strong>(ium</strong></span> <span class='ocrx_word' id='word_1_140' title='bbox 627 1572 701 1631; x_wconf 91' lang='lat' dir='ltr'><strong>enim</strong></span> <span class='ocrx_word' id='word_1_141' title='bbox 725 1570 871 1630; x_wconf 84' lang='lat' dir='ltr'><strong>Eusebius</strong></span> <span class='ocrx_word' id='word_1_142' title='bbox 893 1568 931 1629; x_wconf 87' lang='lat' dir='ltr'><strong>ad</strong></span> <span class='ocrx_word' id='word_1_143' title='bbox 953 1585 1039 1628; x_wconf 92' lang='lat' dir='ltr'><strong>suum</strong></span> <span class='ocrx_word' id='word_1_144' title='bbox 1061 1585 1211 1629; x_wconf 89' lang='lat' dir='ltr'><strong>numerum</strong></span> <span class='ocrx_word' id='word_1_145' title='bbox 1236 1571 1317 1631; x_wconf 83' lang='grc'><strong>1497</strong></span> <span class='ocrx_word' id='word_1_146' title='bbox 1343 1569 1398 1630; x_wconf 92' lang='lat' dir='ltr'><strong>ad-</strong></span> 
     </span>
     <span class='ocr_line' id='line_1_15' title="bbox 39 1657 1398 1735; baseline 0.001 -20"><span class='ocrx_word' id='word_1_147' title='bbox 39 1657 173 1719; x_wconf 86' lang='lat' dir='ltr'><strong>didisset</strong></span> <span class='ocrx_word' id='word_1_148' title='bbox 197 1661 270 1732; x_wconf 84' lang='grc'><strong>488,</strong></span> <span class='ocrx_word' id='word_1_149' title='bbox 295 1660 344 1734; x_wconf 88' lang='grc'><strong>881</strong></span> <span class='ocrx_word' id='word_1_150' title='bbox 368 1662 536 1720; x_wconf 89' lang='lat' dir='ltr'><strong>terminatur</strong></span> <span class='ocrx_word' id='word_1_151' title='bbox 558 1663 586 1718; x_wconf 92' lang='lat' dir='ltr'><strong>in</strong></span> <span class='ocrx_word' id='word_1_152' title='bbox 611 1663 662 1732; x_wconf 84' lang='grc'><strong>88,</strong></span> <span class='ocrx_word' id='word_1_153' title='bbox 683 1657 791 1735; x_wconf 87' lang='grc'><strong>8881111</strong></span> <span class='ocrx_word' id='word_1_154' title='bbox 814 1658 857 1716; x_wconf 91' lang='grc'><strong>1111</strong></span> <span class='ocrx_word' id='word_1_155' title='bbox 880 1673 1017 1717; x_wconf 87' lang='lat' dir='ltr'><strong>numerus</strong></span> <span class='ocrx_word' id='word_1_156' title='bbox 1036 1661 1127 1731; x_wconf 89' lang='grc'><strong>1980,</strong></span> <span class='ocrx_word' id='word_1_157' title='bbox 1153 1659 1203 1734; x_wconf 87' lang='grc'><strong>881</strong></span> <span class='ocrx_word' id='word_1_158' title='bbox 1225 1660 1398 1720; x_wconf 88' lang='lat' dir='ltr'><strong>terminatur</strong></span> 
     </span>
     <span class='ocr_line' id='line_1_16' title="bbox 39 1745 1394 1824; baseline 0.001 -20"><span class='ocrx_word' id='word_1_159' title='bbox 39 1747 71 1804; x_wconf 94' lang='lat' dir='ltr'><strong>iu</strong></span> <span class='ocrx_word' id='word_1_160' title='bbox 98 1751 154 1805; x_wconf 90' lang='grc'><strong>80.</strong></span> <span class='ocrx_word' id='word_1_161' title='bbox 200 1745 242 1805; x_wconf 86' lang='lat' dir='ltr'><strong>At</strong></span> <span class='ocrx_word' id='word_1_162' title='bbox 266 1761 337 1806; x_wconf 82' lang='lat' dir='ltr'><strong>vero</strong></span> <span class='ocrx_word' id='word_1_163' title='bbox 361 1749 423 1824; x_wconf 89' lang='lat' dir='ltr'><strong>ipse</strong></span> <span class='ocrx_word' id='word_1_164' title='bbox 445 1746 567 1807; x_wconf 90' lang='lat' dir='ltr'><strong>haerens</strong></span> <span class='ocrx_word' id='word_1_165' title='bbox 589 1749 687 1806; x_wconf 93' lang='lat' dir='ltr'><strong>auimo</strong></span> <span class='ocrx_word' id='word_1_166' title='bbox 709 1747 737 1804; x_wconf 92' lang='grc'><strong>18</strong></span> <span class='ocrx_word' id='word_1_167' title='bbox 761 1761 880 1806; x_wconf 90' lang='lat' dir='ltr'><strong>numero</strong></span> <span class='ocrx_word' id='word_1_168' title='bbox 904 1746 1042 1820; x_wconf 91' lang='lat' dir='ltr'><strong>temporis</strong></span> <span class='ocrx_word' id='word_1_169' title='bbox 1064 1745 1215 1821; x_wconf 82' lang='lat' dir='ltr'><strong>intercepti</strong></span> <span class='ocrx_word' id='word_1_170' title='bbox 1239 1746 1312 1820; x_wconf 87' lang='grc'><strong>483,</strong></span> <span class='ocrx_word' id='word_1_171' title='bbox 1335 1763 1394 1822; x_wconf 92' lang='lat' dir='ltr'><strong>pu·</strong></span> 
     </span>
     <span class='ocr_line' id='line_1_17' title="bbox 37 1832 1395 1909; baseline 0.001 -17"><span class='ocrx_word' id='word_1_172' title='bbox 37 1833 128 1892; x_wconf 89' lang='lat' dir='ltr'><strong>tabat</strong></span> <span class='ocrx_word' id='word_1_173' title='bbox 152 1835 242 1893; x_wconf 87' lang='lat' dir='ltr'><strong>etiam</strong></span> <span class='ocrx_word' id='word_1_174' title='bbox 272 1832 350 1894; x_wconf 91' lang='lat' dir='ltr'><strong>hune</strong></span> <span class='ocrx_word' id='word_1_175' title='bbox 376 1849 461 1893; x_wconf 88' lang='lat' dir='ltr'><strong>suem</strong></span> <span class='ocrx_word' id='word_1_176' title='bbox 483 1851 632 1894; x_wconf 90' lang='lat' dir='ltr'><strong>numerum</strong></span> <span class='ocrx_word' id='word_1_177' title='bbox 661 1833 767 1893; x_wconf 90' lang='lat' dir='ltr'><strong>debera</strong></span> <span class='ocrx_word' id='word_1_178' title='bbox 797 1834 945 1893; x_wconf 89' lang='lat' dir='ltr'><strong>terminari</strong></span> <span class='ocrx_word' id='word_1_179' title='bbox 976 1834 1004 1890; x_wconf 92' lang='grc'><strong>18</strong></span> <span class='ocrx_word' id='word_1_180' title='bbox 1029 1836 1080 1907; x_wconf 89' lang='grc'><strong>88,</strong></span> <span class='ocrx_word' id='word_1_181' title='bbox 1103 1834 1202 1908; x_wconf 88' lang='grc'><strong>118888</strong></span> <span class='ocrx_word' id='word_1_182' title='bbox 1233 1849 1286 1909; x_wconf 89' lang='grc'><strong>888</strong></span> <span class='ocrx_word' id='word_1_183' title='bbox 1312 1839 1395 1893; x_wconf 90' lang='grc'><strong>1980</strong></span> 
     </span>
     <span class='ocr_line' id='line_1_18' title="bbox 39 1919 1395 2000; baseline 0.002 -22"><span class='ocrx_word' id='word_1_184' title='bbox 39 1919 138 1996; x_wconf 87' lang='lat' dir='ltr'><strong>elegit</strong></span> <span class='ocrx_word' id='word_1_185' title='bbox 163 1921 261 1995; x_wconf 88' lang='grc'><strong>1988,</strong></span> <span class='ocrx_word' id='word_1_186' title='bbox 292 1928 380 2000; x_wconf 90' lang='grc'><strong>81888</strong></span> <span class='ocrx_word' id='word_1_187' title='bbox 403 1924 532 1982; x_wconf 89' lang='lat' dir='ltr'><strong>itacum</strong></span> <span class='ocrx_word' id='word_1_188' title='bbox 558 1927 653 1996; x_wconf 86' lang='grc'><strong>1984,</strong></span> <span class='ocrx_word' id='word_1_189' title='bbox 686 1923 736 1998; x_wconf 90' lang='grc'><strong>881</strong></span> <span class='ocrx_word' id='word_1_190' title='bbox 764 1929 809 1980; x_wconf 82' lang='grc'><strong>881</strong></span> <span class='ocrx_word' id='word_1_191' title='bbox 830 1920 968 1982; x_wconf 83' lang='lat' dir='ltr'><strong>Julianus</strong></span> <span class='ocrx_word' id='word_1_192' title='bbox 994 1925 1050 1991; x_wconf 88' lang='grc'><strong>18,</strong></span> <span class='ocrx_word' id='word_1_193' title='bbox 1079 1922 1245 1997; x_wconf 81' lang='lat' dir='ltr'><strong>composuit</strong></span> <span class='ocrx_word' id='word_1_194' title='bbox 1271 1921 1395 1998; x_wconf 91' lang='lat' dir='ltr'><strong>primum</strong></span> 
     </span>
     <span class='ocr_line' id='line_1_19' title="bbox 1 2005 1396 2086; baseline 0.001 -20"><span class='ocrx_word' id='word_1_195' title='bbox 1 2011 3 2032; x_wconf 83' lang='lat'><strong><em>&#39;</em></strong></span> <span class='ocrx_word' id='word_1_196' title='bbox 40 2005 186 2068; x_wconf 87' lang='lat' dir='ltr'><strong>Herodis.</strong></span> <span class='ocrx_word' id='word_1_197' title='bbox 230 2007 336 2084; x_wconf 91' lang='lat' dir='ltr'><strong>ltaque</strong></span> <span class='ocrx_word' id='word_1_198' title='bbox 360 2024 417 2067; x_wconf 90' lang='lat' dir='ltr'><strong>non</strong></span> <span class='ocrx_word' id='word_1_199' title='bbox 440 2010 515 2068; x_wconf 90' lang='lat' dir='ltr'><strong>maie</strong></span> <span class='ocrx_word' id='word_1_200' title='bbox 538 2010 655 2086; x_wconf 84' lang='lat' dir='ltr'><strong>conjicit</strong></span> <span class='ocrx_word' id='word_1_201' title='bbox 676 2007 835 2086; x_wconf 84' lang='lat' dir='ltr'><strong>Lydlatus,</strong></span> <span class='ocrx_word' id='word_1_202' title='bbox 865 2011 894 2066; x_wconf 92' lang='lat' dir='ltr'><strong>in</strong></span> <span class='ocrx_word' id='word_1_203' title='bbox 923 2007 983 2067; x_wconf 89' lang='lat' dir='ltr'><strong>alia</strong></span> <span class='ocrx_word' id='word_1_204' title='bbox 1010 2006 1075 2066; x_wconf 89' lang='lat' dir='ltr'><strong>ioca</strong></span> <span class='ocrx_word' id='word_1_205' title='bbox 1098 2009 1128 2065; x_wconf 93' lang='lat' dir='ltr'><strong>in</strong></span> <span class='ocrx_word' id='word_1_206' title='bbox 1152 2007 1396 2069; x_wconf 79' lang='lat' dir='ltr'><strong>demonstratione</strong></span> 
     </span>
     <span class='ocr_line' id='line_1_20' title="bbox 38 2093 1323 2173; baseline 0.002 -19"><span class='ocrx_word' id='word_1_207' title='bbox 38 2103 69 2154; x_wconf 90' lang='lat' dir='ltr'><strong>et</strong></span> <span class='ocrx_word' id='word_1_208' title='bbox 93 2099 323 2173; x_wconf 74' lang='lat' dir='ltr'><strong>praeparatione</strong></span> <span class='ocrx_word' id='word_1_209' title='bbox 347 2096 526 2173; x_wconf 73' lang='lat' dir='ltr'><strong>Euangeliou</strong></span> <span class='ocrx_word' id='word_1_210' title='bbox 548 2115 584 2157; x_wconf 89' lang='grc'><strong>88</strong></span> <span class='ocrx_word' id='word_1_211' title='bbox 607 2097 661 2157; x_wconf 89' lang='grc'><strong>088</strong></span> <span class='ocrx_word' id='word_1_212' title='bbox 684 2094 811 2155; x_wconf 87' lang='lat' dir='ltr'><strong>chronici</strong></span> <span class='ocrx_word' id='word_1_213' title='bbox 834 2093 900 2156; x_wconf 93' lang='lat' dir='ltr'><strong>loco</strong></span> <span class='ocrx_word' id='word_1_214' title='bbox 922 2096 1113 2154; x_wconf 83' lang='lat' dir='ltr'><strong>mutationem</strong></span> <span class='ocrx_word' id='word_1_215' title='bbox 1137 2093 1323 2156; x_wconf 75' lang='lat' dir='ltr'><strong>redundasse.</strong></span> 
     </span>
    </p>

    <p class='ocr_par' dir='ltr' id='par_1_4' title="bbox 38 2174 1396 2696">
     <span class='ocr_line' id='line_1_21' title="bbox 150 2174 1396 2262; baseline 0 -20"><span class='ocrx_word' id='word_1_216' title='bbox 150 2181 238 2259; x_wconf 85' lang='lat' dir='ltr'><strong>Quod</strong></span> <span class='ocrx_word' id='word_1_217' title='bbox 253 2181 423 2262; x_wconf 83' lang='lat' dir='ltr'><strong>Hyrcanum</strong></span> <span class='ocrx_word' id='word_1_218' title='bbox 438 2187 551 2259; x_wconf 87' lang='lat' dir='ltr'><strong>attinet,</strong></span> <span class='ocrx_word' id='word_1_219' title='bbox 573 2201 630 2243; x_wconf 91' lang='lat' dir='ltr'><strong>non</strong></span> <span class='ocrx_word' id='word_1_220' title='bbox 647 2182 852 2243; x_wconf 86' lang='lat' dir='ltr'><strong>animadvertit</strong></span> <span class='ocrx_word' id='word_1_221' title='bbox 870 2182 1022 2262; x_wconf 86' lang='lat' dir='ltr'><strong>Lydiatua,</strong></span> <span class='ocrx_word' id='word_1_222' title='bbox 1046 2182 1110 2258; x_wconf 87' lang='lat' dir='ltr'><strong>ejus</strong></span> <span class='ocrx_word' id='word_1_223' title='bbox 1128 2174 1309 2243; x_wconf 81' lang='lat' dir='ltr'><strong>&#39;mentionem</strong></span> <span class='ocrx_word' id='word_1_224' title='bbox 1332 2200 1396 2244; x_wconf 90' lang='lat' dir='ltr'><strong>ser·</strong></span> 
     </span>
     <span class='ocr_line' id='line_1_22' title="bbox 39 2269 1394 2349; baseline 0.001 -20"><span class='ocrx_word' id='word_1_225' title='bbox 39 2272 105 2330; x_wconf 85' lang='lat' dir='ltr'><strong>rire</strong></span> <span class='ocrx_word' id='word_1_226' title='bbox 135 2273 289 2349; x_wconf 87' lang='lat' dir='ltr'><strong>proposito</strong></span> <span class='ocrx_word' id='word_1_227' title='bbox 317 2271 458 2346; x_wconf 83' lang='lat' dir='ltr'><strong>Eusebii,</strong></span> <span class='ocrx_word' id='word_1_228' title='bbox 491 2275 625 2349; x_wconf 81' lang='lat' dir='ltr'><strong>quamvis</strong></span> <span class='ocrx_word' id='word_1_229' title='bbox 654 2287 706 2349; x_wconf 93' lang='lat' dir='ltr'><strong>per</strong></span> <span class='ocrx_word' id='word_1_230' title='bbox 734 2287 827 2331; x_wconf 90' lang='lat' dir='ltr'><strong>annos</strong></span> <span class='ocrx_word' id='word_1_231' title='bbox 859 2269 989 2349; x_wconf 84' lang='lat' dir='ltr'><strong>Hyrcani</strong></span> <span class='ocrx_word' id='word_1_232' title='bbox 1019 2272 1094 2329; x_wconf 90' lang='lat' dir='ltr'><strong>ratio</strong></span> <span class='ocrx_word' id='word_1_233' title='bbox 1117 2286 1175 2330; x_wconf 92' lang='lat' dir='ltr'><strong>non</strong></span> <span class='ocrx_word' id='word_1_234' title='bbox 1204 2269 1394 2332; x_wconf 84' lang='lat' dir='ltr'><strong>subducatur.</strong></span> 
     </span>
     <span class='ocr_line' id='line_1_23' title="bbox 40 2357 1396 2437; baseline 0.001 -21"><span class='ocrx_word' id='word_1_235' title='bbox 40 2357 191 2434; x_wconf 84' lang='lat' dir='ltr'><strong>Loquitur</strong></span> <span class='ocrx_word' id='word_1_236' title='bbox 214 2359 250 2418; x_wconf 92' lang='lat' dir='ltr'><strong>de</strong></span> <span class='ocrx_word' id='word_1_237' title='bbox 272 2358 387 2417; x_wconf 82' lang='lat' dir='ltr'><strong>christia</strong></span> <span class='ocrx_word' id='word_1_238' title='bbox 409 2360 540 2437; x_wconf 90' lang='lat' dir='ltr'><strong>regibus,</strong></span> <span class='ocrx_word' id='word_1_239' title='bbox 563 2357 592 2418; x_wconf 91' lang='lat' dir='ltr'><strong>id</strong></span> <span class='ocrx_word' id='word_1_240' title='bbox 615 2367 660 2418; x_wconf 89' lang='grc'><strong>881</strong></span> <span class='ocrx_word' id='word_1_241' title='bbox 681 2357 892 2432; x_wconf 88' lang='lat' dir='ltr'><strong>sacerdotibus,</strong></span> <span class='ocrx_word' id='word_1_242' title='bbox 916 2359 966 2435; x_wconf 92' lang='lat' dir='ltr'><strong>qul</strong></span> <span class='ocrx_word' id='word_1_243' title='bbox 988 2365 1159 2433; x_wconf 74' lang='lat' dir='ltr'><strong>regnarunt,</strong></span> <span class='ocrx_word' id='word_1_244' title='bbox 1191 2357 1286 2436; x_wconf 90' lang='lat' dir='ltr'><strong>deque</strong></span> <span class='ocrx_word' id='word_1_245' title='bbox 1308 2359 1396 2436; x_wconf 89' lang='lat' dir='ltr'><strong>hujus</strong></span> 
     </span>
     <span class='ocr_line' id='line_1_24' title="bbox 38 2442 1395 2524; baseline 0.001 -19"><span class='ocrx_word' id='word_1_246' title='bbox 38 2448 126 2519; x_wconf 89' lang='lat' dir='ltr'><strong>regni</strong></span> <span class='ocrx_word' id='word_1_247' title='bbox 148 2445 215 2506; x_wconf 90' lang='grc'><strong>1188.</strong></span> <span class='ocrx_word' id='word_1_248' title='bbox 260 2443 330 2506; x_wconf 87' lang='lat' dir='ltr'><strong>Jam</strong></span> <span class='ocrx_word' id='word_1_249' title='bbox 345 2443 500 2524; x_wconf 87' lang='lat' dir='ltr'><strong>Hyrcanos</strong></span> <span class='ocrx_word' id='word_1_250' title='bbox 524 2454 556 2507; x_wconf 89' lang='grc'><strong>81</strong></span> <span class='ocrx_word' id='word_1_251' title='bbox 575 2446 710 2507; x_wconf 82' lang='lat' dir='ltr'><strong>sacerdos</strong></span> <span class='ocrx_word' id='word_1_252' title='bbox 732 2453 762 2506; x_wconf 91' lang='lat' dir='ltr'><strong>et</strong></span> <span class='ocrx_word' id='word_1_253' title='bbox 782 2463 834 2507; x_wconf 87' lang='lat' dir='ltr'><strong>rex</strong></span> <span class='ocrx_word' id='word_1_254' title='bbox 856 2445 919 2522; x_wconf 87' lang='lat' dir='ltr'><strong>fuit,</strong></span> <span class='ocrx_word' id='word_1_255' title='bbox 943 2447 992 2523; x_wconf 91' lang='lat' dir='ltr'><strong>qui</strong></span> <span class='ocrx_word' id='word_1_256' title='bbox 1015 2442 1083 2505; x_wconf 91' lang='grc'><strong>11881</strong></span> <span class='ocrx_word' id='word_1_257' title='bbox 1106 2449 1241 2522; x_wconf 83' lang='lat' dir='ltr'><strong>captivus</strong></span> <span class='ocrx_word' id='word_1_258' title='bbox 1264 2446 1395 2507; x_wconf 91' lang='lat' dir='ltr'><strong>abduce-</strong></span> 
     </span>
     <span class='ocr_line' id='line_1_25' title="bbox 40 2533 1394 2612; baseline 0.001 -20"><span class='ocrx_word' id='word_1_259' title='bbox 40 2545 121 2593; x_wconf 86' lang='lat' dir='ltr'><strong>retur</strong></span> <span class='ocrx_word' id='word_1_260' title='bbox 135 2552 156 2594; x_wconf 93' lang='lat' dir='ltr'><strong>a</strong></span> <span class='ocrx_word' id='word_1_261' title='bbox 169 2533 297 2606; x_wconf 88' lang='lat' dir='ltr'><strong>Parthis,</strong></span> <span class='ocrx_word' id='word_1_262' title='bbox 322 2535 485 2612; x_wconf 88' lang='lat' dir='ltr'><strong>Antigonus</strong></span> <span class='ocrx_word' id='word_1_263' title='bbox 507 2541 604 2595; x_wconf 82' lang='grc'><strong>188888</strong></span> <span class='ocrx_word' id='word_1_264' title='bbox 627 2543 656 2596; x_wconf 91' lang='grc'><strong>81</strong></span> <span class='ocrx_word' id='word_1_265' title='bbox 678 2535 741 2612; x_wconf 89' lang='grc'><strong>1888</strong></span> <span class='ocrx_word' id='word_1_266' title='bbox 763 2533 899 2594; x_wconf 87' lang='lat' dir='ltr'><strong>sacerdos</strong></span> <span class='ocrx_word' id='word_1_267' title='bbox 923 2549 1044 2610; x_wconf 89' lang='lat' dir='ltr'><strong>regnum</strong></span> <span class='ocrx_word' id='word_1_268' title='bbox 1066 2533 1175 2594; x_wconf 86' lang='grc'><strong>1888811</strong></span> <span class='ocrx_word' id='word_1_269' title='bbox 1190 2535 1394 2611; x_wconf 88' lang='lat' dir='ltr'><strong>atqueaemu-</strong></span> 
     </span>
     <span class='ocr_line' id='line_1_26' title="bbox 40 2619 620 2696; baseline 0.007 -18"><span class='ocrx_word' id='word_1_270' title='bbox 40 2619 88 2681; x_wconf 89' lang='grc'><strong>188</strong></span> <span class='ocrx_word' id='word_1_271' title='bbox 111 2619 258 2696; x_wconf 87' lang='lat' dir='ltr'><strong>Herodes,</strong></span> <span class='ocrx_word' id='word_1_272' title='bbox 282 2629 498 2682; x_wconf 88' lang='grc'><strong>8888888818</strong></span> <span class='ocrx_word' id='word_1_273' title='bbox 515 2663 620 2686; x_wconf 92' lang='grc'><strong>.....</strong></span> 
     </span>
    </p>

    <p class='ocr_par' dir='ltr' id='par_1_5' title="bbox 375 2711 1057 2783">
     <span class='ocr_line' id='line_1_27' title="bbox 375 2711 1057 2783; baseline 0 -17"><span class='ocrx_word' id='word_1_274' title='bbox 375 2711 437 2783; x_wconf 87' lang='grc'><strong>(1118</strong></span> <span class='ocrx_word' id='word_1_275' title='bbox 454 2711 520 2768; x_wconf 89' lang='grc'><strong>18118</strong></span> <span class='ocrx_word' id='word_1_276' title='bbox 537 2711 641 2782; x_wconf 85' lang='lat' dir='ltr'><strong>aliquot</strong></span> <span class='ocrx_word' id='word_1_277' title='bbox 656 2711 833 2781; x_wconf 88' lang='lat' dir='ltr'><strong>manuscripti</strong></span> <span class='ocrx_word' id='word_1_278' title='bbox 852 2711 1057 2782; x_wconf 88' lang='lat' dir='ltr'><strong>desiderantur.)</strong></span> 
     </span>
    </p>

    <p class='ocr_par' dir='ltr' id='par_1_6' title="bbox 39 2789 1394 4623">
     <span class='ocr_line' id='line_1_28' title="bbox 42 2789 1394 2874; baseline 0.001 -20"><span class='ocrx_word' id='word_1_279' title='bbox 42 2837 155 2855; x_wconf 92' lang='grc'><strong>.....</strong></span> <span class='ocrx_word' id='word_1_280' title='bbox 171 2817 219 2856; x_wconf 81' lang='lat' dir='ltr'><strong>aas</strong></span> <span class='ocrx_word' id='word_1_281' title='bbox 240 2800 369 2874; x_wconf 68' lang='lat' dir='ltr'><strong>opedam</strong></span> <span class='ocrx_word' id='word_1_282' title='bbox 389 2799 513 2874; x_wconf 78' lang='grc'><strong>88188888</strong></span> <span class='ocrx_word' id='word_1_283' title='bbox 533 2796 588 2858; x_wconf 75' lang='grc'><strong>8188</strong></span> <span class='ocrx_word' id='word_1_284' title='bbox 609 2819 661 2858; x_wconf 84' lang='grc'><strong>888</strong></span> <span class='ocrx_word' id='word_1_285' title='bbox 682 2793 728 2857; x_wconf 84' lang='lat' dir='ltr'><strong>s&#39;m</strong></span> <span class='ocrx_word' id='word_1_286' title='bbox 745 2789 892 2870; x_wconf 75' lang='grc' dir='ltr'><strong><em>Ῥωμαιοις</em></strong></span> <span class='ocrx_word' id='word_1_287' title='bbox 921 2817 1038 2874; x_wconf 81' lang='grc' dir='ltr'><strong><em>ποιησαι</em></strong></span> <span class='ocrx_word' id='word_1_288' title='bbox 1059 2817 1110 2874; x_wconf 80' lang='lat' dir='ltr'><strong>sps</strong></span> <span class='ocrx_word' id='word_1_289' title='bbox 1137 2815 1291 2870; x_wconf 79' lang='grc'><strong>8888888888</strong></span> <span class='ocrx_word' id='word_1_290' title='bbox 1311 2793 1394 2869; x_wconf 77' lang='grc' dir='ltr'>ἐξου-</span> 
     </span>
     <span class='ocr_line' id='line_1_29' title="bbox 41 2881 1394 2960; baseline 0.002 -19"><span class='ocrx_word' id='word_1_291' title='bbox 41 2901 115 2942; x_wconf 74' lang='lat' dir='ltr'><strong>nme.</strong></span> <span class='ocrx_word' id='word_1_292' title='bbox 161 2881 198 2942; x_wconf 92' lang='lat' dir='ltr'><strong>Id</strong></span> <span class='ocrx_word' id='word_1_293' title='bbox 222 2885 321 2960; x_wconf 90' lang='lat' dir='ltr'><strong>ntique</strong></span> <span class='ocrx_word' id='word_1_294' title='bbox 345 2885 414 2944; x_wconf 81' lang='lat' dir='ltr'><strong>riso</strong></span> <span class='ocrx_word' id='word_1_295' title='bbox 437 2883 585 2959; x_wconf 86' lang='lat' dir='ltr'><strong>Augusto,</strong></span> <span class='ocrx_word' id='word_1_296' title='bbox 608 2900 676 2942; x_wconf 89' lang='lat' dir='ltr'><strong>uam</strong></span> <span class='ocrx_word' id='word_1_297' title='bbox 698 2885 798 2960; x_wconf 80' lang='lat' dir='ltr'><strong>prinda</strong></span> <span class='ocrx_word' id='word_1_298' title='bbox 819 2881 929 2943; x_wconf 80' lang='lat' dir='ltr'><strong>&#39;liberti</strong></span> <span class='ocrx_word' id='word_1_299' title='bbox 953 2884 1036 2944; x_wconf 90' lang='lat' dir='ltr'><strong>annis</strong></span> <span class='ocrx_word' id='word_1_300' title='bbox 1059 2883 1097 2942; x_wconf 95' lang='grc'><strong>80</strong></span> <span class='ocrx_word' id='word_1_301' title='bbox 1120 2882 1149 2941; x_wconf 91' lang='lat' dir='ltr'><strong>id</strong></span> <span class='ocrx_word' id='word_1_302' title='bbox 1172 2886 1266 2960; x_wconf 88' lang='lat' dir='ltr'><strong>ipsum</strong></span> <span class='ocrx_word' id='word_1_303' title='bbox 1289 2882 1394 2944; x_wconf 90' lang='lat' dir='ltr'><strong>Vono-</strong></span> 
     </span>
     <span class='ocr_line' id='line_1_30' title="bbox 39 2969 1393 3048; baseline 0.001 -20"><span class='ocrx_word' id='word_1_304' title='bbox 39 2985 105 3028; x_wconf 91' lang='lat' dir='ltr'><strong>nem</strong></span> <span class='ocrx_word' id='word_1_305' title='bbox 129 2985 222 3046; x_wconf 87' lang='lat' dir='ltr'><strong>reguo</strong></span> <span class='ocrx_word' id='word_1_306' title='bbox 246 2971 407 3046; x_wconf 76' lang='lat' dir='ltr'><strong>eiecerunt,</strong></span> <span class='ocrx_word' id='word_1_307' title='bbox 438 2971 517 3048; x_wconf 90' lang='lat' dir='ltr'><strong>quod</strong></span> <span class='ocrx_word' id='word_1_308' title='bbox 544 2971 626 3031; x_wconf 92' lang='lat' dir='ltr'><strong>illum</strong></span> <span class='ocrx_word' id='word_1_309' title='bbox 648 2970 783 3030; x_wconf 79' lang='lat' dir='ltr'><strong>Caesaris</strong></span> <span class='ocrx_word' id='word_1_310' title='bbox 811 2972 988 3048; x_wconf 88' lang='lat' dir='ltr'><strong>mancipium</strong></span> <span class='ocrx_word' id='word_1_311' title='bbox 1011 2969 1152 3043; x_wconf 90' lang='lat' dir='ltr'><strong>dicerent,</strong></span> <span class='ocrx_word' id='word_1_312' title='bbox 1184 2969 1263 3046; x_wconf 93' lang='lat' dir='ltr'><strong>quod</strong></span> <span class='ocrx_word' id='word_1_313' title='bbox 1286 2971 1393 3030; x_wconf 88' lang='lat' dir='ltr'><strong>solium</strong></span> 
     </span>
     <span class='ocr_line' id='line_1_31' title="bbox 43 3056 1393 3135; baseline 0.003 -21"><span class='ocrx_word' id='word_1_314' title='bbox 43 3057 253 3117; x_wconf 77' lang='lat' dir='ltr'><strong>Arsacidarum</strong></span> <span class='ocrx_word' id='word_1_315' title='bbox 275 3061 349 3118; x_wconf 86' lang='lat' dir='ltr'><strong>iuter</strong></span> <span class='ocrx_word' id='word_1_316' title='bbox 371 3061 536 3135; x_wconf 86' lang='lat' dir='ltr'><strong>provincias</strong></span> <span class='ocrx_word' id='word_1_317' title='bbox 559 3057 707 3118; x_wconf 88' lang='lat' dir='ltr'><strong>Romanus</strong></span> <span class='ocrx_word' id='word_1_318' title='bbox 737 3058 838 3118; x_wconf 90' lang='lat' dir='ltr'><strong>haberi</strong></span> <span class='ocrx_word' id='word_1_319' title='bbox 870 3058 990 3135; x_wconf 88' lang='lat' dir='ltr'><strong>darique</strong></span> <span class='ocrx_word' id='word_1_320' title='bbox 1020 3056 1159 3120; x_wconf 89' lang='lat' dir='ltr'><strong>dolerent.</strong></span> <span class='ocrx_word' id='word_1_321' title='bbox 1204 3057 1283 3117; x_wconf 90' lang='lat' dir='ltr'><strong>Huic</strong></span> <span class='ocrx_word' id='word_1_322' title='bbox 1305 3059 1393 3118; x_wconf 91' lang='lat' dir='ltr'><strong>etiam</strong></span> 
     </span>
     <span class='ocr_line' id='line_1_32' title="bbox 42 3143 1392 3224; baseline 0.003 -22"><span class='ocrx_word' id='word_1_323' title='bbox 42 3148 169 3221; x_wconf 89' lang='lat' dir='ltr'><strong>tempori</strong></span> <span class='ocrx_word' id='word_1_324' title='bbox 193 3148 330 3206; x_wconf 84' lang='lat' dir='ltr'><strong>convenit</strong></span> <span class='ocrx_word' id='word_1_325' title='bbox 352 3145 465 3222; x_wconf 90' lang='lat' dir='ltr'><strong>reliqna</strong></span> <span class='ocrx_word' id='word_1_326' title='bbox 487 3146 638 3208; x_wconf 86' lang='lat' dir='ltr'><strong>Strabonis</strong></span> <span class='ocrx_word' id='word_1_327' title='bbox 661 3146 770 3219; x_wconf 90' lang='grc'><strong>888118,</strong></span> <span class='ocrx_word' id='word_1_328' title='bbox 794 3163 882 3223; x_wconf 89' lang='lat' dir='ltr'><strong>quam</strong></span> <span class='ocrx_word' id='word_1_329' title='bbox 904 3145 1047 3224; x_wconf 85' lang='lat' dir='ltr'><strong>Lydiatus</strong></span> <span class='ocrx_word' id='word_1_330' title='bbox 1070 3143 1188 3221; x_wconf 88' lang='lat' dir='ltr'><strong>allegat.</strong></span> <span class='ocrx_word' id='word_1_331' title='bbox 1233 3145 1340 3205; x_wconf 89' lang='lat' dir='ltr'><strong>Pacem</strong></span> <span class='ocrx_word' id='word_1_332' title='bbox 1363 3154 1392 3207; x_wconf 92' lang='lat' dir='ltr'><strong>et</strong></span> 
     </span>
     <span class='ocr_line' id='line_1_33' title="bbox 40 3231 1394 3311; baseline 0.004 -23"><span class='ocrx_word' id='word_1_333' title='bbox 40 3233 267 3309; x_wconf 84' lang='lat' dir='ltr'><strong>prosperitatem</strong></span> <span class='ocrx_word' id='word_1_334' title='bbox 289 3234 393 3294; x_wconf 91' lang='lat' dir='ltr'><strong>ltaliae</strong></span> <span class='ocrx_word' id='word_1_335' title='bbox 416 3242 446 3294; x_wconf 89' lang='lat' dir='ltr'><strong>et</strong></span> <span class='ocrx_word' id='word_1_336' title='bbox 470 3235 619 3311; x_wconf 89' lang='lat' dir='ltr'><strong>Augustus</strong></span> <span class='ocrx_word' id='word_1_337' title='bbox 640 3233 801 3310; x_wconf 88' lang='lat' dir='ltr'><strong>praestitit,</strong></span> <span class='ocrx_word' id='word_1_338' title='bbox 834 3250 870 3293; x_wconf 87' lang='grc'><strong>88</strong></span> <span class='ocrx_word' id='word_1_339' title='bbox 893 3250 952 3310; x_wconf 90' lang='grc'><strong>888</strong></span> <span class='ocrx_word' id='word_1_340' title='bbox 974 3231 1092 3310; x_wconf 80' lang='lat' dir='ltr'><strong>plenum</strong></span> <span class='ocrx_word' id='word_1_341' title='bbox 1116 3240 1145 3292; x_wconf 90' lang='grc'><strong>81</strong></span> <span class='ocrx_word' id='word_1_342' title='bbox 1167 3249 1276 3292; x_wconf 91' lang='lat' dir='ltr'><strong>merum</strong></span> <span class='ocrx_word' id='word_1_343' title='bbox 1299 3234 1394 3310; x_wconf 88' lang='lat' dir='ltr'><strong>tmpe-</strong></span> 
     </span>
     <span class='ocr_line' id='line_1_34' title="bbox 42 3319 1393 3399; baseline 0.004 -23"><span class='ocrx_word' id='word_1_344' title='bbox 42 3321 115 3378; x_wconf 90' lang='lat' dir='ltr'><strong>rium</strong></span> <span class='ocrx_word' id='word_1_345' title='bbox 140 3323 255 3398; x_wconf 89' lang='lat' dir='ltr'><strong>aceepit</strong></span> <span class='ocrx_word' id='word_1_346' title='bbox 283 3329 313 3382; x_wconf 93' lang='lat' dir='ltr'><strong>et</strong></span> <span class='ocrx_word' id='word_1_347' title='bbox 341 3319 1037 3399; x_wconf 71' lang='grc'><strong>888818888888888188888888818111088188</strong></span> <span class='ocrx_word' id='word_1_348' title='bbox 1065 3319 1144 3380; x_wconf 88' lang='lat' dir='ltr'><strong>tilius</strong></span> <span class='ocrx_word' id='word_1_349' title='bbox 1171 3328 1237 3396; x_wconf 80' lang='lat' dir='ltr'><strong>(pro</strong></span> <span class='ocrx_word' id='word_1_350' title='bbox 1260 3319 1393 3394; x_wconf 72' lang='grc' dir='ltr'><strong>ᾶιαδιξα-</strong></span> 
     </span>
     <span class='ocr_line' id='line_1_35' title="bbox 41 3406 1393 3486; baseline 0 -19"><span class='ocrx_word' id='word_1_351' title='bbox 41 3429 124 3482; x_wconf 69' lang='grc'><strong>88888</strong></span> <span class='ocrx_word' id='word_1_352' title='bbox 139 3406 207 3484; x_wconf 89' lang='lat' dir='ltr'><strong>lego</strong></span> <span class='ocrx_word' id='word_1_353' title='bbox 223 3407 431 3484; x_wconf 61' lang='lat' dir='ltr'><strong>dmdekonasoe,</strong></span> <span class='ocrx_word' id='word_1_354' title='bbox 455 3411 510 3468; x_wconf 92' lang='lat' dir='ltr'><strong>nisi</strong></span> <span class='ocrx_word' id='word_1_355' title='bbox 534 3409 570 3469; x_wconf 93' lang='lat' dir='ltr'><strong>de</strong></span> <span class='ocrx_word' id='word_1_356' title='bbox 588 3410 754 3469; x_wconf 88' lang='lat' dir='ltr'><strong>tribunitiae</strong></span> <span class='ocrx_word' id='word_1_357' title='bbox 777 3409 931 3486; x_wconf 85' lang='lat' dir='ltr'><strong>potestatis</strong></span> <span class='ocrx_word' id='word_1_358' title='bbox 953 3410 1099 3469; x_wconf 89' lang='lat' dir='ltr'><strong>consortio</strong></span> <span class='ocrx_word' id='word_1_359' title='bbox 1121 3407 1269 3484; x_wconf 88' lang='lat' dir='ltr'><strong>loquatur.</strong></span> <span class='ocrx_word' id='word_1_360' title='bbox 1303 3407 1393 3469; x_wconf 78' lang='lat' dir='ltr'><strong>Taci-</strong></span> 
     </span>
     <span class='ocr_line' id='line_1_36' title="bbox 41 3493 1391 3574; baseline 0.001 -20"><span class='ocrx_word' id='word_1_361' title='bbox 41 3500 103 3554; x_wconf 85' lang='lat' dir='ltr'><strong>tus:</strong></span> <span class='ocrx_word' id='word_1_362' title='bbox 137 3493 216 3554; x_wconf 88' lang='lat' dir='ltr'><strong>lilius</strong></span> <span class='ocrx_word' id='word_1_363' title='bbox 246 3494 360 3573; x_wconf 79' lang='lat' dir='ltr'><strong>collega</strong></span> <span class='ocrx_word' id='word_1_364' title='bbox 388 3498 501 3574; x_wconf 89' lang='lat' dir='ltr'><strong>imperii</strong></span> <span class='ocrx_word' id='word_1_365' title='bbox 531 3497 697 3557; x_wconf 90' lang='lat' dir='ltr'><strong>tribunitiae</strong></span> <span class='ocrx_word' id='word_1_366' title='bbox 720 3498 873 3573; x_wconf 88' lang='lat' dir='ltr'><strong>potestatis</strong></span> <span class='ocrx_word' id='word_1_367' title='bbox 904 3511 1023 3556; x_wconf 89' lang='lat' dir='ltr'><strong>consors</strong></span> <span class='ocrx_word' id='word_1_368' title='bbox 1052 3493 1237 3573; x_wconf 84' lang='lat' dir='ltr'><strong>adsumitur),</strong></span> <span class='ocrx_word' id='word_1_369' title='bbox 1261 3511 1391 3556; x_wconf 91' lang='lat' dir='ltr'><strong>normam</strong></span> 
     </span>
     <span class='ocr_line' id='line_1_37' title="bbox 42 3581 1392 3665; baseline 0.001 -23"><span class='ocrx_word' id='word_1_370' title='bbox 42 3582 264 3658; x_wconf 72' lang='lat' dir='ltr'><strong>gubernationis</strong></span> <span class='ocrx_word' id='word_1_371' title='bbox 292 3583 567 3661; x_wconf 79' lang='lat' dir='ltr'><strong>mandatorumque</strong></span> <span class='ocrx_word' id='word_1_372' title='bbox 582 3587 741 3646; x_wconf 86' lang='lat' dir='ltr'><strong>observans</strong></span> <span class='ocrx_word' id='word_1_373' title='bbox 769 3584 850 3644; x_wconf 93' lang='lat' dir='ltr'><strong>iilum</strong></span> <span class='ocrx_word' id='word_1_374' title='bbox 874 3581 1009 3664; x_wconf 89' lang='lat' dir='ltr'><strong>(patrem)</strong></span> <span class='ocrx_word' id='word_1_375' title='bbox 1037 3585 1191 3661; x_wconf 89' lang='lat' dir='ltr'><strong>ipsumque</strong></span> <span class='ocrx_word' id='word_1_376' title='bbox 1220 3581 1392 3665; x_wconf 81' lang='lat' dir='ltr'><strong>(Tiberium)</strong></span> 
     </span>
     <span class='ocr_line' id='line_1_38' title="bbox 41 3667 1393 3751; baseline 0.004 -24"><span class='ocrx_word' id='word_1_377' title='bbox 41 3667 92 3728; x_wconf 86' lang='lat' dir='ltr'><strong>tilii</strong></span> <span class='ocrx_word' id='word_1_378' title='bbox 113 3669 182 3747; x_wconf 87' lang='lat' dir='ltr'><strong>ejus</strong></span> <span class='ocrx_word' id='word_1_379' title='bbox 199 3669 390 3733; x_wconf 86' lang='lat' dir='ltr'><strong>Germanicus</strong></span> <span class='ocrx_word' id='word_1_380' title='bbox 404 3671 589 3750; x_wconf 82' lang='lat' dir='ltr'><strong>(adoptivus)</strong></span> <span class='ocrx_word' id='word_1_381' title='bbox 612 3680 643 3734; x_wconf 90' lang='lat' dir='ltr'><strong>et</strong></span> <span class='ocrx_word' id='word_1_382' title='bbox 656 3673 769 3732; x_wconf 90' lang='lat' dir='ltr'><strong>Drusus</strong></span> <span class='ocrx_word' id='word_1_383' title='bbox 784 3669 948 3751; x_wconf 85' lang='lat' dir='ltr'><strong>(naturalis)</strong></span> <span class='ocrx_word' id='word_1_384' title='bbox 970 3671 1167 3734; x_wconf 90' lang='lat' dir='ltr'><strong>ministrantes</strong></span> <span class='ocrx_word' id='word_1_385' title='bbox 1189 3673 1274 3750; x_wconf 89' lang='lat' dir='ltr'><strong>patri.</strong></span> <span class='ocrx_word' id='word_1_386' title='bbox 1308 3670 1393 3734; x_wconf 88' lang='lat' dir='ltr'><strong>Haec</strong></span> 
     </span>
     <span class='ocr_line' id='line_1_39' title="bbox 43 3758 1392 3838; baseline 0.004 -22"><span class='ocrx_word' id='word_1_387' title='bbox 43 3760 143 3818; x_wconf 86' lang='lat' dir='ltr'><strong>omnia</strong></span> <span class='ocrx_word' id='word_1_388' title='bbox 163 3763 321 3836; x_wconf 87' lang='lat' dir='ltr'><strong>superstite</strong></span> <span class='ocrx_word' id='word_1_389' title='bbox 342 3759 478 3838; x_wconf 83' lang='lat' dir='ltr'><strong>Augusto</strong></span> <span class='ocrx_word' id='word_1_390' title='bbox 501 3760 598 3820; x_wconf 85' lang='lat' dir='ltr'><strong>locum</strong></span> <span class='ocrx_word' id='word_1_391' title='bbox 619 3760 738 3833; x_wconf 90' lang='lat' dir='ltr'><strong>habent,</strong></span> <span class='ocrx_word' id='word_1_392' title='bbox 761 3777 819 3820; x_wconf 92' lang='grc'><strong>888</strong></span> <span class='ocrx_word' id='word_1_393' title='bbox 843 3775 913 3820; x_wconf 88' lang='grc'><strong>8888</strong></span> <span class='ocrx_word' id='word_1_394' title='bbox 936 3767 1060 3820; x_wconf 90' lang='lat' dir='ltr'><strong>mortuo.</strong></span> <span class='ocrx_word' id='word_1_395' title='bbox 1104 3759 1179 3819; x_wconf 87' lang='lat' dir='ltr'><strong>Nam</strong></span> <span class='ocrx_word' id='word_1_396' title='bbox 1202 3758 1392 3821; x_wconf 83' lang='lat' dir='ltr'><strong>Germanicus</strong></span> 
     </span>
     <span class='ocr_line' id='line_1_40' title="bbox 42 3843 1393 3926; baseline 0.004 -24"><span class='ocrx_word' id='word_1_397' title='bbox 42 3843 204 3923; x_wconf 79' lang='lat' dir='ltr'><strong>adoptivus</strong></span> <span class='ocrx_word' id='word_1_398' title='bbox 226 3847 323 3908; x_wconf 88' lang='lat' dir='ltr'><strong>Druso</strong></span> <span class='ocrx_word' id='word_1_399' title='bbox 345 3849 471 3908; x_wconf 87' lang='grc'><strong>88188811</strong></span> <span class='ocrx_word' id='word_1_400' title='bbox 493 3849 680 3926; x_wconf 91' lang='lat' dir='ltr'><strong>praeponitur</strong></span> <span class='ocrx_word' id='word_1_401' title='bbox 701 3855 834 3926; x_wconf 90' lang='lat' dir='ltr'><strong>respectu</strong></span> <span class='ocrx_word' id='word_1_402' title='bbox 858 3846 999 3922; x_wconf 78' lang='lat' dir='ltr'><strong>Augusti,</strong></span> <span class='ocrx_word' id='word_1_403' title='bbox 1031 3849 1056 3907; x_wconf 90' lang='lat' dir='ltr'><strong>ei</strong></span> <span class='ocrx_word' id='word_1_404' title='bbox 1081 3864 1149 3909; x_wconf 87' lang='lat' dir='ltr'><strong>cura</strong></span> <span class='ocrx_word' id='word_1_405' title='bbox 1171 3847 1256 3925; x_wconf 86' lang='lat' dir='ltr'><strong>Reip.</strong></span> <span class='ocrx_word' id='word_1_406' title='bbox 1279 3847 1393 3909; x_wconf 88' lang='lat' dir='ltr'><strong>adseri·</strong></span> 
     </span>
     <span class='ocr_line' id='line_1_41' title="bbox 42 3932 1391 4014; baseline 0.002 -22"><span class='ocrx_word' id='word_1_407' title='bbox 42 3932 117 3993; x_wconf 88' lang='lat' dir='ltr'><strong>bitur</strong></span> <span class='ocrx_word' id='word_1_408' title='bbox 140 3933 227 4010; x_wconf 85' lang='lat' dir='ltr'><strong>juxta</strong></span> <span class='ocrx_word' id='word_1_409' title='bbox 248 3943 359 4013; x_wconf 90' lang='lat' dir='ltr'><strong>putrem</strong></span> <span class='ocrx_word' id='word_1_410' title='bbox 382 3943 412 3996; x_wconf 90' lang='lat' dir='ltr'><strong>et</strong></span> <span class='ocrx_word' id='word_1_411' title='bbox 434 3954 538 4012; x_wconf 84' lang='lat' dir='ltr'><strong>usum,</strong></span> <span class='ocrx_word' id='word_1_412' title='bbox 570 3939 619 4012; x_wconf 93' lang='lat' dir='ltr'><strong>qui</strong></span> <span class='ocrx_word' id='word_1_413' title='bbox 641 3943 708 4014; x_wconf 87' lang='lat' dir='ltr'><strong>post</strong></span> <span class='ocrx_word' id='word_1_414' title='bbox 730 3951 840 4013; x_wconf 90' lang='lat' dir='ltr'><strong>paucos</strong></span> <span class='ocrx_word' id='word_1_415' title='bbox 869 3951 962 3995; x_wconf 90' lang='grc'><strong>88888</strong></span> <span class='ocrx_word' id='word_1_416' title='bbox 986 3941 1004 3995; x_wconf 93' lang='grc'><strong>8</strong></span> <span class='ocrx_word' id='word_1_417' title='bbox 1030 3935 1195 4010; x_wconf 80' lang='lat' dir='ltr'><strong>legionibus</strong></span> <span class='ocrx_word' id='word_1_418' title='bbox 1217 3937 1391 4012; x_wconf 86' lang='lat' dir='ltr'><strong>germanicis</strong></span> 
     </span>
     <span class='ocr_line' id='line_1_42' title="bbox 40 4021 1387 4100; baseline 0.003 -22"><span class='ocrx_word' id='word_1_419' title='bbox 40 4021 203 4096; x_wconf 87' lang='lat' dir='ltr'><strong>praelectus</strong></span> <span class='ocrx_word' id='word_1_420' title='bbox 230 4022 324 4083; x_wconf 87' lang='lat' dir='ltr'><strong>Roma</strong></span> <span class='ocrx_word' id='word_1_421' title='bbox 352 4023 447 4082; x_wconf 87' lang='lat' dir='ltr'><strong>abluit</strong></span> <span class='ocrx_word' id='word_1_422' title='bbox 475 4023 513 4083; x_wconf 91' lang='lat' dir='ltr'><strong>ad</strong></span> <span class='ocrx_word' id='word_1_423' title='bbox 545 4032 665 4084; x_wconf 92' lang='lat' dir='ltr'><strong>mortem</strong></span> <span class='ocrx_word' id='word_1_424' title='bbox 695 4040 789 4100; x_wconf 89' lang='lat' dir='ltr'><strong>usque</strong></span> <span class='ocrx_word' id='word_1_425' title='bbox 818 4023 960 4100; x_wconf 80' lang='lat' dir='ltr'><strong>Augusti,</strong></span> <span class='ocrx_word' id='word_1_426' title='bbox 992 4021 1200 4100; x_wconf 79' lang='lat' dir='ltr'><strong>Tiberiumque</strong></span> <span class='ocrx_word' id='word_1_427' title='bbox 1228 4024 1387 4084; x_wconf 88' lang='lat' dir='ltr'><strong>sollicitum</strong></span> 
     </span>
     <span class='ocr_line' id='line_1_43' title="bbox 44 4106 1390 4188; baseline 0.003 -23"><span class='ocrx_word' id='word_1_428' title='bbox 44 4106 78 4168; x_wconf 90' lang='grc'><strong>18</strong></span> <span class='ocrx_word' id='word_1_429' title='bbox 100 4111 227 4186; x_wconf 88' lang='lat' dir='ltr'><strong>imperio</strong></span> <span class='ocrx_word' id='word_1_430' title='bbox 250 4113 344 4171; x_wconf 89' lang='grc'><strong>188811</strong></span> <span class='ocrx_word' id='word_1_431' title='bbox 365 4109 565 4186; x_wconf 89' lang='lat' dir='ltr'><strong>magnitudine</strong></span> <span class='ocrx_word' id='word_1_432' title='bbox 588 4129 652 4186; x_wconf 91' lang='grc'><strong>888,</strong></span> <span class='ocrx_word' id='word_1_433' title='bbox 675 4112 749 4172; x_wconf 89' lang='grc'><strong>8188</strong></span> <span class='ocrx_word' id='word_1_434' title='bbox 774 4109 899 4188; x_wconf 90' lang='lat' dir='ltr'><strong>quidem,</strong></span> <span class='ocrx_word' id='word_1_435' title='bbox 923 4117 1035 4170; x_wconf 90' lang='lat' dir='ltr'><strong>utnon</strong></span> <span class='ocrx_word' id='word_1_436' title='bbox 1058 4113 1220 4187; x_wconf 89' lang='lat' dir='ltr'><strong>quiesceret</strong></span> <span class='ocrx_word' id='word_1_437' title='bbox 1241 4110 1390 4188; x_wconf 83' lang='grc'><strong>8818811-</strong></span> 
     </span>
     <span class='ocr_line' id='line_1_44' title="bbox 43 4195 1389 4278; baseline 0.001 -24"><span class='ocrx_word' id='word_1_438' title='bbox 43 4195 151 4269; x_wconf 87' lang='lat' dir='ltr'><strong>berius,</strong></span> <span class='ocrx_word' id='word_1_439' title='bbox 175 4215 262 4274; x_wconf 88' lang='lat' dir='ltr'><strong>quam</strong></span> <span class='ocrx_word' id='word_1_440' title='bbox 286 4197 367 4258; x_wconf 92' lang='lat' dir='ltr'><strong>illum</strong></span> <span class='ocrx_word' id='word_1_441' title='bbox 390 4199 568 4259; x_wconf 89' lang='lat' dir='ltr'><strong>abstractum</strong></span> <span class='ocrx_word' id='word_1_442' title='bbox 586 4198 785 4278; x_wconf 89' lang='lat' dir='ltr'><strong>alogionibus</strong></span> <span class='ocrx_word' id='word_1_443' title='bbox 807 4201 900 4275; x_wconf 89' lang='lat' dir='ltr'><strong>primo</strong></span> <span class='ocrx_word' id='word_1_444' title='bbox 922 4199 952 4256; x_wconf 91' lang='lat' dir='ltr'><strong>in</strong></span> <span class='ocrx_word' id='word_1_445' title='bbox 977 4199 1117 4258; x_wconf 90' lang='lat' dir='ltr'><strong>orientem</strong></span> <span class='ocrx_word' id='word_1_446' title='bbox 1138 4201 1266 4259; x_wconf 90' lang='lat' dir='ltr'><strong>mitteret</strong></span> <span class='ocrx_word' id='word_1_447' title='bbox 1288 4197 1389 4275; x_wconf 88' lang='lat' dir='ltr'><strong>procul</strong></span> 
     </span>
     <span class='ocr_line' id='line_1_45' title="bbox 44 4281 1389 4364; baseline 0.002 -23"><span class='ocrx_word' id='word_1_448' title='bbox 44 4296 61 4341; x_wconf 96' lang='lat' dir='ltr'><strong>a</strong></span> <span class='ocrx_word' id='word_1_449' title='bbox 80 4281 186 4361; x_wconf 85' lang='lat' dir='ltr'><strong>Roma,</strong></span> <span class='ocrx_word' id='word_1_450' title='bbox 210 4283 335 4363; x_wconf 87' lang='lat' dir='ltr'><strong>denique</strong></span> <span class='ocrx_word' id='word_1_451' title='bbox 357 4285 473 4346; x_wconf 89' lang='lat' dir='ltr'><strong>Pisonis</strong></span> <span class='ocrx_word' id='word_1_452' title='bbox 496 4303 585 4364; x_wconf 87' lang='lat' dir='ltr'><strong>opera</strong></span> <span class='ocrx_word' id='word_1_453' title='bbox 607 4289 811 4364; x_wconf 84' lang='lat' dir='ltr'><strong>exstingueret.</strong></span> <span class='ocrx_word' id='word_1_454' title='bbox 859 4286 935 4346; x_wconf 84' lang='lat' dir='ltr'><strong>Ecca</strong></span> <span class='ocrx_word' id='word_1_455' title='bbox 957 4285 1057 4362; x_wconf 90' lang='lat' dir='ltr'><strong>quanti</strong></span> <span class='ocrx_word' id='word_1_456' title='bbox 1081 4287 1165 4364; x_wconf 89' lang='lat' dir='ltr'><strong>pretii</strong></span> <span class='ocrx_word' id='word_1_457' title='bbox 1188 4293 1389 4363; x_wconf 88' lang='lat' dir='ltr'><strong>argumentum</strong></span> 
     </span>
     <span class='ocr_line' id='line_1_46' title="bbox 43 4371 1389 4453; baseline 0.003 -26"><span class='ocrx_word' id='word_1_458' title='bbox 43 4371 88 4444; x_wconf 92' lang='lat' dir='ltr'><strong>sit,</strong></span> <span class='ocrx_word' id='word_1_459' title='bbox 110 4389 172 4449; x_wconf 90' lang='lat' dir='ltr'><strong>qno</strong></span> <span class='ocrx_word' id='word_1_460' title='bbox 193 4375 319 4450; x_wconf 90' lang='lat' dir='ltr'><strong>probare</strong></span> <span class='ocrx_word' id='word_1_461' title='bbox 342 4374 399 4434; x_wconf 90' lang='lat' dir='ltr'><strong>sibi</strong></span> <span class='ocrx_word' id='word_1_462' title='bbox 422 4375 504 4434; x_wconf 86' lang='lat' dir='ltr'><strong>risus</strong></span> <span class='ocrx_word' id='word_1_463' title='bbox 527 4381 572 4435; x_wconf 92' lang='lat' dir='ltr'><strong>ast</strong></span> <span class='ocrx_word' id='word_1_464' title='bbox 593 4373 751 4453; x_wconf 84' lang='lat' dir='ltr'><strong>Lydiatus,</strong></span> <span class='ocrx_word' id='word_1_465' title='bbox 781 4371 892 4433; x_wconf 87' lang='lat' dir='ltr'><strong>Jubum</strong></span> <span class='ocrx_word' id='word_1_466' title='bbox 916 4381 1061 4434; x_wconf 91' lang='lat' dir='ltr'><strong>mortuum</strong></span> <span class='ocrx_word' id='word_1_467' title='bbox 1086 4391 1162 4435; x_wconf 88' lang='lat' dir='ltr'><strong>enno</strong></span> <span class='ocrx_word' id='word_1_468' title='bbox 1186 4372 1389 4434; x_wconf 83' lang='grc' dir='ltr'><strong>8888818Τὶ-</strong></span> 
     </span>
     <span class='ocr_line' id='line_1_47' title="bbox 43 4457 1389 4540; baseline 0.002 -24"><span class='ocrx_word' id='word_1_469' title='bbox 43 4457 121 4534; x_wconf 87' lang='lat' dir='ltr'><strong>herii,</strong></span> <span class='ocrx_word' id='word_1_470' title='bbox 146 4462 196 4537; x_wconf 91' lang='lat' dir='ltr'><strong>qui</strong></span> <span class='ocrx_word' id='word_1_471' title='bbox 218 4463 373 4538; x_wconf 87' lang='lat' dir='ltr'><strong>superstite</strong></span> <span class='ocrx_word' id='word_1_472' title='bbox 397 4461 532 4540; x_wconf 86' lang='lat' dir='ltr'><strong>Augusto</strong></span> <span class='ocrx_word' id='word_1_473' title='bbox 554 4478 751 4524; x_wconf 87' lang='lat' dir='ltr'><strong>successorem</strong></span> <span class='ocrx_word' id='word_1_474' title='bbox 774 4461 878 4522; x_wconf 91' lang='lat' dir='ltr'><strong>habuit</strong></span> <span class='ocrx_word' id='word_1_475' title='bbox 899 4460 1112 4538; x_wconf 88' lang='lat' dir='ltr'><strong>Ptolemaeum,</strong></span> <span class='ocrx_word' id='word_1_476' title='bbox 1134 4477 1220 4522; x_wconf 91' lang='lat' dir='ltr'><strong>suum</strong></span> <span class='ocrx_word' id='word_1_477' title='bbox 1242 4478 1278 4521; x_wconf 87' lang='lat' dir='ltr'><strong>cx</strong></span> <span class='ocrx_word' id='word_1_478' title='bbox 1300 4459 1389 4520; x_wconf 82' lang='grc'><strong>11188-</strong></span> 
     </span>
     <span class='ocr_line' id='line_1_48' title="bbox 43 4547 292 4623; baseline -0.004 -15"><span class='ocrx_word' id='word_1_479' title='bbox 43 4553 123 4623; x_wconf 85' lang='grc'><strong>88188</strong></span> <span class='ocrx_word' id='word_1_480' title='bbox 144 4547 249 4610; x_wconf 85' lang='lat' dir='ltr'><strong>fllium.</strong></span> <span class='ocrx_word' id='word_1_481' title='bbox 285 4551 292 4567; x_wconf 87' lang='lat'>&#39;</span> 
     </span>
    </p>

    <p class='ocr_par' dir='ltr' id='par_1_7' title="bbox 45 4633 1388 4803">
     <span class='ocr_line' id='line_1_49' title="bbox 144 4633 1388 4714; baseline 0.001 -19"><span class='ocrx_word' id='word_1_482' title='bbox 144 4633 228 4711; x_wconf 84' lang='lat' dir='ltr'><strong>Quae</strong></span> <span class='ocrx_word' id='word_1_483' title='bbox 249 4633 395 4714; x_wconf 59' lang='lat' dir='ltr'><strong>itydiatus</strong></span> <span class='ocrx_word' id='word_1_484' title='bbox 415 4651 452 4697; x_wconf 88' lang='grc'><strong>88</strong></span> <span class='ocrx_word' id='word_1_485' title='bbox 475 4642 504 4697; x_wconf 88' lang='grc'><strong>4.</strong></span> <span class='ocrx_word' id='word_1_486' title='bbox 527 4633 679 4697; x_wconf 79' lang='lat' dir='ltr'><strong>Strabonis</strong></span> <span class='ocrx_word' id='word_1_487' title='bbox 707 4633 826 4696; x_wconf 87' lang='lat' dir='ltr'><strong>adducit</strong></span> <span class='ocrx_word' id='word_1_488' title='bbox 853 4652 907 4714; x_wconf 92' lang='lat' dir='ltr'><strong>pro</strong></span> <span class='ocrx_word' id='word_1_489' title='bbox 930 4635 1148 4698; x_wconf 83' lang='lat' dir='ltr'><strong>confirmatione</strong></span> <span class='ocrx_word' id='word_1_490' title='bbox 1175 4651 1246 4694; x_wconf 90' lang='lat' dir='ltr'><strong>suae</strong></span> <span class='ocrx_word' id='word_1_491' title='bbox 1269 4640 1388 4696; x_wconf 92' lang='lat' dir='ltr'><strong>senteu-</strong></span> 
     </span>
     <span class='ocr_line' id='line_1_50' title="bbox 45 4721 1387 4803; baseline -0.001 -19"><span class='ocrx_word' id='word_1_492' title='bbox 45 4721 106 4801; x_wconf 88' lang='lat' dir='ltr'><strong>tiae,</strong></span> <span class='ocrx_word' id='word_1_493' title='bbox 131 4721 222 4786; x_wconf 87' lang='lat' dir='ltr'><strong>dubia</strong></span> <span class='ocrx_word' id='word_1_494' title='bbox 244 4723 308 4802; x_wconf 90' lang='lat' dir='ltr'><strong>ipsu</strong></span> <span class='ocrx_word' id='word_1_495' title='bbox 330 4725 510 4802; x_wconf 87' lang='lat' dir='ltr'><strong>pronunciat,</strong></span> <span class='ocrx_word' id='word_1_496' title='bbox 533 4741 588 4787; x_wconf 91' lang='lat' dir='ltr'><strong>nec</strong></span> <span class='ocrx_word' id='word_1_497' title='bbox 601 4723 678 4787; x_wconf 88' lang='lat' dir='ltr'><strong>mule</strong></span> <span class='ocrx_word' id='word_1_498' title='bbox 694 4723 821 4801; x_wconf 87' lang='lat' dir='ltr'><strong>conjicit,</strong></span> <span class='ocrx_word' id='word_1_499' title='bbox 844 4731 979 4803; x_wconf 87' lang='lat' dir='ltr'><strong>quartum</strong></span> <span class='ocrx_word' id='word_1_500' title='bbox 1001 4723 1106 4786; x_wconf 90' lang='lat' dir='ltr'><strong>librum</strong></span> <span class='ocrx_word' id='word_1_501' title='bbox 1121 4724 1213 4784; x_wconf 90' lang='lat' dir='ltr'><strong>serius</strong></span> <span class='ocrx_word' id='word_1_502' title='bbox 1235 4740 1299 4786; x_wconf 89' lang='lat' dir='ltr'><strong>esse</strong></span> <span class='ocrx_word' id='word_1_503' title='bbox 1318 4739 1387 4802; x_wconf 91' lang='lat' dir='ltr'><strong>per·</strong></span> 
     </span>
    </p>
   </div>
   <div class='ocr_carea' id='block_1_4' title="bbox 0 0 1706 5426">
    <p class='ocr_par' dir='ltr' id='par_1_8' title="bbox 0 0 1706 5426">
     <span class='ocr_line' id='line_1_51' title="bbox 0 0 1706 5426; baseline 0 0"><span class='ocrx_word' id='word_1_504' title='bbox 0 0 1706 5426; x_wconf 95' lang='lat' dir='ltr'><strong> </strong></span> 
     </span>
    </p>
   </div>
  </div>
 </body>
</html>
