3478 5424
484 403 488 422 ,
616 355 878 455 Ι100010110000.
1384 355 1426 432 79
1488 341 1495 386 ’“
1588 320 1592 339 ⁸

3 607 5 612 ,
66 541 111 602 At
132 559 195 603 non
215 543 259 602 ite
279 537 390 602 sodalis
411 547 517 618 noster,
549 540 603 602 sed
625 541 704 619 quod
726 559 828 602 rerum
850 550 913 603 erat
935 545 997 604 sine
1021 544 1219 605 circumitione
1243 541 1331 618 dixit,
1354 544 1428 604 sub-

67 633 149 707 igere
173 629 242 690 illoa
264 626 378 690 Lunum
397 639 428 690 01
444 648 571 703 massam,
590 631 712 690 maculis
735 637 765 690 et
785 633 950 708 nigroribus
973 651 1038 693 eam
1060 632 1223 705 farcientes,
1247 631 1333 691 simul
1350 633 1428 692 Dia·

67 735 138 778 uam
162 736 231 778 eam
252 719 416 778 salutantes
438 725 468 776 et
489 717 671 792 Minervam,
702 718 787 776 simul
811 721 964 779 mixturam
989 730 1018 780 et
1040 738 1166 780 massam
1190 737 1254 779 earn
1276 720 1427 795 facientes,

66 807 274 870 fermentatam
298 823 333 865 ex
355 809 422 866 a'e're
445 806 607 882 caliginoso
630 815 661 866 at
682 808 749 882 igne
772 807 943 868 carbonario
956 803 1005 884 ¹⁰),
1029 825 1107 884 quae
1128 825 1185 867 non
1201 807 1310 866 habeat
1325 811 1428 870 ineen-

3 905 5 960 3
66 896 186 953 sionem
209 903 260 953 aut
282 891 466 970 splendorem
487 897 653 971 proprium,
683 892 736 954 sed
758 910 863 972 corpus
886 896 1002 955 obscuri
1025 905 1134 968 status,
1158 894 1239 972 quod
1261 911 1374 971 semper
1399 901 1429 955 et

3 1051 5 1060 y
66 983 220 1042 fumorum
250 983 337 1058 copia
366 989 482 1058 turgeat
505 991 535 1042 et
558 981 679 1041 occultis
701 982 817 1057 ignibus
847 990 990 1043 torreatur
1012 985 1043 1042 in
1064 982 1184 1043 modum
1208 999 1307 1043 eorum
1329 982 1428 1043 fulmi-

3 1065 5 1108 1
68 1086 153 1144 num,
179 1085 259 1146 quas
282 1069 422 1128 delustria
445 1078 474 1129 et
497 1068 582 1129 brute
604 1073 709 1145 pob'tae
732 1077 849 1129 000001
1398 1072 1405 1087 “

3 1163 5 1182 ³
179 1154 267 1232 Quod
283 1158 372 1234 igitur
385 1158 461 1234 ignis
478 1159 675 1231 carbonarius,
698 1155 863 1232 cujusmodi
880 1155 992 1218 Lunam
1008 1159 1057 1219 isti
1071 1159 1191 1232 faciunt,
1211 1173 1269 1217 non
1285 1159 1324 1217 sit
1338 1156 1428 1219 dura-

3 1235 5 1248 ¹
68 1243 143 1304 bilis
171 1261 269 1321 neque
299 1245 415 1304 omnino
438 1245 594 1318 subsistat,
624 1247 681 1303 nisi
709 1247 860 1304 materiam
887 1245 1012 1305 solidam
1041 1249 1197 1321 invaserit,
1228 1263 1304 1322 quae
1334 1248 1430 1323 ipsum

3 1327 7 1400 g
68 1333 177 1392 foveat
201 1340 230 1390 01
252 1335 374 1406 nutriat,
404 1330 433 1390 id
464 1339 536 1409 puto
564 1330 669 1392 melius
699 1349 786 1408 quam
809 1349 827 1392 a
848 1332 1031 1411 philosophis
1053 1333 1202 1393 nonnullis
1234 1335 1359 1412 perspici
1391 1335 1428 1393 ab

3 1473 4 1484 ,
71 1420 145 1492 illis,
170 1421 221 1495 qni
241 1419 311 1495 joco
334 1419 443 1490 dicunt,
467 1419 533 1479 ideo
556 1419 692 1480 claudum
707 1419 852 1496 perhiberi
867 1420 1042 1497 Vulcanum,
1068 1420 1147 1498 quod
1169 1424 1245 1499 ignis
1261 1425 1324 1482 sine
1339 1421 1430 1498 liguo,

71 1511 156 1568 sicut
179 1505 303 1566 claudus
325 1509 387 1566 sine
409 1509 540 1582 scipione
562 1523 621 1567 non
643 1507 769 1569 incedat.

3 1645 4 1648 ,
183 1592 298 1668 Quodsi
320 1593 514 1674 igitur'Luua
535 1597 611 1672 ignia
634 1605 687 1668 est,
710 1593 787 1654 unde
809 1599 911 1654 natum
933 1602 977 1655 est
999 1603 1112 1656 1001010
1134 1597 1210 1656 adria
1226 1597 1254 1656 iu
1271 1595 1329 1655 eei
1354 1594 1430 1655 Nem

4 1699 5 1702 ’
70 1677 214 1743 sublimis
236 1685 291 1742 iste
313 1681 405 1754 locus,
429 1685 479 1758 qui
502 1690 653 1759 torquetur
676 1679 704 1742 id
728 1681 876 1757 circulum,
898 1698 957 1741 non
980 1684 1116 1761 equidem
1130 1686 1190 1743 altri
1207 1683 1362 1760 deputatus
1378 1691 1431 1758 est,

70 1769 130 1831 aed
154 1771 339 1830 substantiae
360 1769 448 1852 100ςο
471 1772 673 1846 praestantiori
696 1777 726 1830 et
748 1787 824 1848 quae
846 1777 981 1830 naturam
1003 1774 1106 1831 sortita
1128 1780 1172 1830 est
1195 1773 1293 1830 omnia
1314 1779 1432 1830 attenu-

3 1933 5 1942 ,
71 1857 149 1918 andi
172 1864 203 1917 et
227 1857 314 1916 simul
337 1857 519 1918 incendendi.
565 1857 649 1918 Etsi
671 1869 757 1917 natus
784 1866 844 1930 est,
874 1860 924 1934 001
947 1858 993 1934 iit,
1027 1857 1106 1937 quod
1135 1873 1192 1918 non
1224 1861 1311 1920 etiam
1335 1861 1434 1918 interit

71 1962 180 2004 rursus
197 1946 284 2021 inque
300 1944 388 2004 aliam
403 1947 530 2022 speciem
546 1948 657 2018 hausit,
680 1945 718 2004 ab
735 1948 800 2022 igne
815 1961 855 2004 sc.
879 1962 1036 2006 conversus
1058 1949 1086 2004 in
1102 1958 1236 2006 naturam
1257 1945 1432 2019 aetheream,
1492 1961 1495 1966 ·

70 2032 129 2094 sed
154 2042 346 2092 conservatur
368 2042 397 2093 et
414 2033 566 2092 cohabitat
587 2049 653 2092 eum
675 2034 742 2108 igne
764 2042 847 2092 tauto
866 2033 928 2110 jam
944 2041 1083 2111 tempora,
1107 2034 1229 2093 haerens
1246 2035 1349 2093 iisdem
1365 2051 1433 2110 per-

3 2179 4 2190 ,
71 2131 170 2199 petuo
193 2121 326 2196 partibus
350 2129 379 2180 et
401 2119 513 2180 delirus
536 2127 568 2180 ut
591 2116 717 2181 cttvust
746 2119 819 2180 Cum
843 2123 918 2180 enim
944 2129 973 2180 et
994 2139 1076 2181 rarus
1099 2124 1138 2181 sit
1158 2128 1188 2180 et
1209 2123 1268 2197 igni
1286 2121 1432 2195 confusus,

72 2210 260 2268 couveniens
282 2217 328 2266 est
349 2210 413 2284 ejus
435 2220 566 2280 naturae,
590 2215 702 2267 utnon
726 2217 852 2278 maneat,
875 2207 926 2267 sad
950 2209 1121 2285 expellatur.
1151 2207 1343 2268 concretione
1362 2225 1433 2268 raro

69 2296 161 2355 illum
186 2312 251 2355 esse
272 2297 433 2355 revinctum
456 2312 514 2355 non
538 2303 582 2355 est
602 2295 757 2372 possibile,
781 2313 846 2355 eum
868 2298 908 2354 sit
928 2299 1089 2372 permixtae
1112 2297 1188 2372 igni,
1211 2313 1306 2372 00000
1321 2294 1432 2355 humidi

71 2383 150 2460 quid
175 2382 291 2442 habens
320 2399 416 2459 neque
446 2389 552 2456 terrae,
581 2383 688 2460 quibus
715 2382 787 2442 solis
816 2387 865 2442 adr
888 2397 1072 2444 concrescere
1094 2391 1124 2444 et
1146 2386 1304 2461 constringi
1327 2391 1432 2460 001001

3 2471 5 2484 “
72 2470 159 2548 Quin
197 2473 286 2529 etiarn
320 2471 457 2530 concitati
493 2463 593 2530 cursus
626 2473 752 2546 impetus
784 2471 964 2531 inflammare
997 2470 1072 2532 solet
1100 2475 1212 2544 adrem,
1239 2475 1296 2548 ,001
1328 2470 1374 2530 001
1403 2473 1433 2528 10

71 2561 160 2618 saxis
186 2568 232 2616 est
255 2556 354 2617 00110
376 2557 498 2635 plumbo
521 2556 636 2634 frigido,
659 2557 760 2635 quidni
783 2565 812 2616 et
833 2558 911 2617 hunc
933 2560 962 2616 in
985 2558 1081 2619 medio
1104 2561 1174 2635 igni,
1198 2560 1248 2635 qui
1270 2567 1351 2620 10010
1366 2575 1434 2635 per·

70 2649 201 2706 nicitate
224 2653 344 2722 gyratur
366 2646 396 2702 10
419 2644 543 2730 orbem?
582 2644 696 2704 Etenim
718 2643 838 2705 offendit
871 2647 951 2723 ipsos
973 2644 1165 2723 Empedocles
1189 2663 1239 2725 eo,
1269 2647 1347 2723 quod
1370 2645 1434 2705 Lu-

71 2749 146 2793 nam
170 2733 243 2792 facit
264 2734 375 2792 stiriam
398 2735 473 2792 airis
496 2731 694 2809 grandineum,
717 2750 736 2792 a
757 2732 847 2809 globo
870 2734 946 2809 ignis
963 2734 1199 2812 comprehensam
1223 2742 1252 2794 et
1268 2736 1432 2809 obsesscm3

3 2869 4 2878 ,
72 2838 145 2883 eum
170 2822 227 2898 ipsi
251 2837 268 2880 e
291 2822 435 2880 contrario
458 2819 587 2893 Lunam,
611 2836 687 2896 quae
709 2820 815 2897 globus
838 2826 884 2880 est
906 2823 1025 2896 igneus,
1055 2823 1084 2880 in
1107 2839 1139 2882 se
1161 2822 1314 2899 complecti
1338 2821 1436 2881 dicant

3 2923 5 2970 ὲ
72 2914 179 2970 adrem
207 2910 331 2985 sparsim
354 2907 411 2968 buc
432 2905 503 2967 illuc
534 2907 693 2982 divulsum,
724 2915 755 2968 et
776 2908 832 2967 hoc
860 2907 978 2985 quidem
1006 2909 1208 2981 nihilominus,
1240 2911 1375 2986 quamvis
1398 2926 1433 2970 ea
1505 2981 1507 2990 y
1545 2916 1548 2922 ’

71 3013 176 3074 neque
192 3007 328 3072 rupturas
341 2995 451 3056 habeat
472 2997 501 3054 in
517 3013 558 3070 se,
581 3012 676 3072 neque
692 2995 844 3072 profunda,
866 3013 962 3072 neque
976 3000 1129 3072 0001101οι,
1153 2997 1316 3074 eujusmodi
1332 2996 1434 3070 Lunae

72 3083 120 3143 illi
144 3082 327 3159 relinquunt,
360 3085 410 3159 qui
440 3099 504 3143 eam
533 3092 655 3144 terreum
683 3084 807 3158 faciunt,
838 3083 891 3144 sed
913 3086 969 3160 ipsi
1000 3085 1114 3158 dicunt,
1144 3085 1383 3162 superficietenus
1407 3085 1433 3143 ci

3 3167 5 3216 ῗ
72 3176 179 3232 adrem
203 3171 427 3244 adhaerescere,
456 3173 635 3231 convexitatl
654 3169 726 3248 ¹ejus
755 3171 903 3248 injectum.
948 3171 1014 3232 Hoc
1043 3189 1113 3233 uero
1142 3181 1172 3232 et
1202 3172 1304 3233 durare
1330 3171 1434 3230 rationi

2 3255 5 3330 J
71 3266 245 3336 repugnat,
275 3267 305 3318 01
334 3259 467 3335 00000101
495 3267 596 3336 patere
617 3261 648 3316 in
671 3257 837 3336 pleniluniis
865 3260 1046 3337 impossibile
1078 3267 1132 3320 est.
1177 3258 1244 3321 Non
1267 3262 1342 3320 enim
1366 3269 1435 3319 tunc

3 3349 14 3398 Γ
73 3347 209 3407 discerni
230 3349 326 3423 ipsum
349 3363 446 3424 posse,
470 3356 502 3418 ut
524 3348 637 3422 nigrum
660 3355 689 3405 et
705 3347 881 3421 umbrosum,
905 3347 956 3408 sod
976 3363 1150 3409 evanescere
1165 3355 1312 3425 oporteret
1333 3345 1435 3406 occul-

69 3443 182 3506 tatum,
208 3444 261 3493 aut
282 3433 369 3493 simul
392 3450 457 3493 cum
480 3433 592 3510 reliquo
616 3433 718 3494 hunus
740 3451 862 3512 corpore
884 3434 1079 3495 illuminatum
1102 3437 1219 3509 enitere,
1241 3433 1358 3511 quando
1383 3433 1435 3494 Sol

3 3519 5 3580 ζ
68 3522 157 3583 111100
180 3519 297 3581 vultum
321 3529 455 3598 occupat.
497 3521 612 3581 Etenim
633 3539 724 3599 penes
747 3538 800 3581 nos
824 3525 874 3582 eb'r
895 3522 946 3582 ille
967 3523 1095 3599 quidem,
1119 3526 1169 3600 qui
1193 3527 1288 3582 estin
1313 3521 1434 3600 profun-

4 3617 5 3620 ’
68 3610 220 3670 ditatibua
243 3616 273 3668 01
296 3609 472 3670 caritatibus
494 3607 617 3683 Terrae,
647 3612 675 3667 in
707 3625 781 3686 quos
803 3609 886 3669 nulle
907 3619 1040 3688 penetrat
1062 3608 1130 3685 lux,
1159 3617 1258 3670 manet
1279 3609 1434 3669 umbrosus

3 3703 5 3772 ξ
67 3707 101 3760 01
124 3699 192 3757 0100
216 3695 439 3770 illuminatione,
463 3698 515 3773 001
538 3713 607 3756 vero
629 3699 756 3757 exterius
772 3696 869 3758 Terris
892 3697 1138 3772 circumfunditur,
1163 3697 1324 3758 claritatem
1340 3696 1434 3756 induit

67 3795 100 3847 et
125 3784 258 3846 colorem
288 3784 478 3844 luciformem.
523 3784 577 3843 Est
605 3787 681 3845 enim
711 3801 777 3846 enm
803 3787 834 3844 in
863 3801 978 3845 omnem
1008 3785 1179 3862 qualitatem
1206 3785 1433 3861 facultatemque

3 3869 5 3948 ἶ
67 3871 335 3949 contemperabilia
366 3872 450 3932 facile
481 3872 519 3932 ob
546 3874 711 3946 raritatem,
744 3881 804 3931 tum
828 3890 897 3932 vero
919 3875 1060 3948 maxime,
1092 3875 1117 3932 si
1140 3873 1234 3932 lucem
1259 3874 1306 3933 rel
1329 3871 1435 3938 leviter

3 3955 6 4006 3¹
68 3963 236 4036 eontigerit
257 3968 287 4019 et
309 3959 497 4032 delibaverit,
530 3961 571 4019 uti
595 3959 706 4033 dicitis,
734 3967 814 4020 10100
843 3963 921 4020 omni
944 3970 1027 4038 parte
1051 3969 1260 4021 transmutatus
1283 3960 1434 4020 illumina·

69 4059 121 4110 tur
139 4041 194 4130 ¹¹).
239 4045 308 4108 Hoc
331 4047 407 4108 idem
430 4049 518 4124 igitur
540 4039 753 4124 perpendamus
776 4050 866 4107 etiam
888 4051 918 4107 10
934 4048 1018 4108 Luna
1040 4048 1102 4108 lieri
1125 4048 1305 4122 deberent,
1329 4066 1435 4125 quam·

3 4131 5 4218 ,
68 4141 121 4198 010
146 4136 218 4195 11100
240 4137 356 4212 egregie
378 4135 526 4210 sublevat,
553 4137 605 4212 qui
628 4137 656 4194 in
680 4135 782 4195 Lunae
804 4134 902 4195 hiatus
925 4147 955 4196 et
977 4135 1127 4196 convalles
1150 4133 1434 4210 ab'rem'detrudunt,

3 4245 5 4296 ς
70 4241 132 4285 000
159 4232 275 4299 nmen,
308 4225 357 4300 qui
381 4225 596 4284 convexitatem
620 4223 684 4299 ejus
707 4224 806 4283 neseio
829 4223 977 4301 quomodo
1000 4227 1225 4300 contemperatis
1248 4226 1436 4284 0100101010-

3 4309 4 4378 ἐ
71 4315 152 4373 cetis
177 4329 213 4372 ex
237 4313 306 4388 igue
327 4319 356 4370 et
378 4314 461 4386 edre,
492 4312 604 4370 fortiter
634 4315 797 4370 convincat.
841 4310 906 4369 Non
930 4319 975 4371 est
997 4313 1073 4370 enim
1096 4311 1255 4389 possibile,
1279 4322 1310 4370 ut
1333 4312 1435 4370 umbra

69 4400 265 4476 relinquatur
286 4401 317 4457 iu
339 4399 504 4476 superficie,
535 4396 654 4475 quando
684 4397 720 4458 de
748 4416 784 4458 ea
806 4405 899 4458 totum
922 4396 952 4458 id
974 4397 1026 4459 Sol
1056 4399 1165 4460 lumine
1192 4415 1247 4459 000
1276 4398 1435 4473 collustrat,

3 4511 5 4568 3
71 4485 162 4566 qnod
185 4495 215 4546 et
237 4502 293 4545 nos
316 4489 429 4547 visione
451 4492 551 4546 nostra
574 4484 610 4545 de
633 4485 698 4561 ejus
721 4489 905 4546 convexitate
928 4485 1130 4563 praecidimus.

3 4623 5 4634 ,
109 4613 115 4622 -
186 4573 295 4634 Adhuc
318 4591 363 4634 me
385 4574 554 4650 loquentem
577 4580 702 4650 occupet
724 4573 964 4649 Pharnaces,
995 4573 1084 4649 illud,
1114 4574 1264 4652 inquiens,
1296 4569 1375 4649 qood
1399 4589 1436 4632 err

3 4663 5 4724 ὲ
72 4659 238 4724 academia
261 4662 474 4741 circumfertur,
503 4679 616 4721 rursum
645 4661 730 4720 nobis
753 4678 807 4720 usu
832 4664 928 4736 venit,
953 4679 1018 4736 eos,
1042 4665 1092 4739 qui
1115 4669 1266 4722 versantur
1288 4663 1317 4717 in
1340 4658 1435 4720 disse·

3 4729 7 4806 1⁵
71 4749 173 4812 rendo
198 4757 300 4810 contra
323 4750 407 4824 alios,
430 4767 467 4810 ne
490 4749 528 4808 ad
551 4757 729 4809 momentum
752 4748 870 4825 quidem
891 4752 1030 4826 temporis
1052 4751 1149 4810 locum
1170 4750 1335 4826 permittere
1357 4747 1436 4807 refu·

3 4859 5 4924 5
73 4837 169 4904 tandi
191 4855 238 4916 ea,
261 4854 338 4916 0000
360 4839 418 4916 1001
440 4838 548 4900 dicum.
593 4837 732 4898 110010
755 4852 842 4914 rero,
864 4844 897 4898 ut
919 4854 986 4899 cum
1008 4837 1208 4900 defensoribus
1230 4853 1348 4896 suorum
1372 4834 1436 4900 dic·
