3436 5416
747 396 894 454 Solemnis.

339 574 422 635 Cana
443 571 526 646 lidos,
548 571 643 649 pudor
664 581 694 636 et
715 577 819 652 pietas,
844 593 1016 654 morumque
1039 586 1178 640 venustas

426 657 545 720 Hancne
569 678 623 722 suc
646 662 746 724 sedern
769 666 944 726 constituere
969 665 1068 725 choro.

337 747 436 825 thue
459 749 516 807 isto
540 750 649 827 templo
672 750 807 811 fraudum
830 752 933 828 procul
955 752 1054 814 exulat
1076 770 1190 830 agmen,

424 835 475 896 Sic
498 835 573 894 nihil
595 837 749 914 indigenae
770 847 891 917 pectora
914 841 1023 900 fraudis
1045 841 1165 926 hahent.

339 922 482 996 Candida,
503 923 594 999 justa,
616 933 730 1002 patens,
755 934 784 987 ct
804 946 887 988 meus
909 929 1055 1005 ferrugine
1077 948 1159 1007 pura,

426 1011 618 1089 [libertasque
639 1013 683 1073 illi
704 1014 793 1092 plena
815 1014 935 1092 pudoris
957 1019 1042 1076 inest.

337 1101 519 1175 Pectoraque
542 1100 665 1162 aetherii
688 1109 825 1180 satagunt
848 1120 905 1163 non
928 1107 1028 1166 nescia
1050 1105 1155 1179 cultus,

425 1187 464 1246 Et
487 1188 575 1250 verba
596 1191 709 1250 aeterni
729 1197 799 1250 sunt
820 1193 850 1249 in
872 1193 983 1252 honore
1006 1192 1073 1252 Dei.

336 1277 464 1354 Ipsaque
485 1290 624 1351 possesso
646 1279 739 1338 virtus
763 1277 928 1354 opulentior
949 1295 1021 1340 auro

423 1362 515 1440 Signa
537 1366 583 1422 sui
605 1367 635 1423 in
658 1364 733 1426 iacis
754 1366 960 1444 splendidiore
974 1366 1062 1428 locat.

340 1449 434 1527 Quem
457 1466 515 1509 non
538 1449 588 1511 illa
610 1460 712 1511 movet
731 1454 836 1530 plenus
859 1457 1004 1531 gravitate
1026 1472 1131 1518 serena

423 1537 531 1600 Vultus
554 1546 584 1599 et
607 1557 640 1599 os
662 1539 747 1599 hilari
770 1544 926 1602 tetricitatc
947 1543 1066 1602 nitens?

338 1625 457 1686 Scilicet
479 1627 626 1702 ingenitae
648 1634 760 1704 perstat
780 1632 935 1705 gravitatis
957 1633 985 1688 in
1009 1630 1061 1690 illc

425 1710 550 1774 Pulcher
572 1713 675 1803 honos,
699 1718 787 1774 animi
809 1719 890 1793 picta
911 1715 1022 1778 tabella
1043 1720 1100 1779 sui.

336 1801 499 1877 Praecipue
523 1801 640 1878 qnando
663 1811 715 1862 aut
738 1801 885 1865 Germano
908 1811 1045 1882 personat
1068 1823 1126 1881 ore,

425 1889 561 1950 Doctave
582 1889 716 1950 Romano
739 1891 821 1952 lubre
843 1891 943 1970 lepore
965 1894 1067 1965 fluunt,
1143 1946 1149 1965 ,

336 1975 440 2053 Qualis
460 1978 489 2035 io
512 1992 627 2052 vocum,
651 1979 747 2054 qualis
769 1981 846 2038 nitor
869 1983 927 2040 cris
949 1980 1089 2041 amoeni?

421 2061 516 2138 Quam
538 2081 597 2124 nou
620 2069 742 2126 mentito
766 2068 856 2128 verba
879 2067 974 2128 colore
997 2067 1128 2129 micant?

335 2150 409 2228 Quia
430 2169 489 2210 non
511 2155 636 2212 attonito
659 2155 762 2213 similis
786 2161 838 2215 tua
859 2157 982 2231 suspicit
1004 2155 1079 2214 ora?

421 2236 532 2314 Quisve
555 2238 717 2316 voluptatis
740 2244 867 2319 concipit
889 2243 956 2302 inde
979 2241 1073 2302 nihil?

334 2326 442 2387 Dulcia
464 2343 517 2386 seu
540 2329 655 2404 cupiam
678 2345 853 2405 aureumque
875 2332 1003 2390 rotantia
1024 2330 1125 2406 verba,

419 2413 536 2492 Inclyta
556 2415 691 2478 Nestorei
713 2419 809 2490 gratia
831 2418 926 2478 mellis
948 2418 1047 2479 hebet.

335 2500 471 2562 Pendere
492 2519 544 2562 seu
566 2519 660 2562 rorum
683 2504 817 2565 volueres
839 2505 978 2566 librantis
999 2522 1097 2580 voees,

419 2588 478 2648 Hic
501 2592 589 2649 etiam
612 2593 710 2668 magni
733 2599 801 2652 sunt
824 2593 972 2654 Ciceronis
995 2609 1076 2670 opes.

335 2676 394 2738 Seu
417 2679 513 2752 pietas
535 2694 621 2737 curae
643 2686 702 2738 cst:
725 2679 800 2739 nihil
821 2681 869 2740 hic
892 2683 948 2740 nisi
970 2679 1094 2740 honesta
1115 2678 1265 2760 loquetur;
1379 2699 1385 2710 ·

418 2764 484 2824 Non
507 2763 556 2826 hic
578 2769 732 2843 spurcities
755 2769 867 2828 invenit
889 2768 950 2842 ulla
971 2767 1079 2829 locum.

333 2851 392 2912 Seu
413 2851 512 2930 placet
534 2855 639 2913 amotis
661 2855 786 2915 frontem
809 2855 946 2917 diducere
969 2858 1060 2932 rugia,

422 2937 573 3016 Graiaque
595 2927 710 3001 l¹estiris
732 2961 868 3020 spargere
891 2943 982 3004 verba
1002 2943 1089 3021 jocis,

333 3026 465 3086 Proleret
488 3044 537 3087 ore
556 3027 651 3105 jocos,
675 3037 704 3090 et
727 3034 780 3090 erit
803 3047 920 3107 quoqne
942 3030 1058 3108 pondus
1079 3031 1109 3088 in
1131 3028 1205 3090 illis:

420 3114 495 3174 Nam
517 3124 588 3192 pote
609 3117 738 3178 mordaci
762 3118 886 3179 condere
909 3120 1001 3178 verba
1023 3117 1085 3177 sale
1108 3124 1162 3178 est.

333 3199 383 3262 Sic
405 3203 456 3262 ubi
478 3202 532 3262 lert
554 3209 678 3281 tempus,
702 3206 817 3266 vultum
838 3205 934 3264 induit
955 3206 1005 3265 ille
1029 3205 1159 3280 Catonis,

422 3291 582 3350 Democriti
604 3309 710 3366 mores,
732 3296 756 3351 si
775 3293 862 3370 Juhet
884 3292 966 3366 illud,
989 3300 1080 3353 amat.

333 3375 526 3456 Temporibus
548 3382 657 3440 servire
680 3380 780 3441 dccet:
805 3399 873 3440 uam
895 3387 1027 3459 tempora
1049 3379 1176 3457 palmam

421 3465 557 3525 Servanti
580 3468 732 3528 instabiles
754 3486 842 3546 saepe
865 3468 970 3529 dedere
993 3469 1083 3528 vices.

335 3554 375 3612 At
397 3570 485 3630 quam
506 3553 588 3613 nulla
603 3555 667 3619 ,viri
688 3556 800 3615 saetosa
822 3557 960 3633 superbia
982 3563 1084 3631 pectus

419 3637 574 3716 Occupat?
596 3639 712 3702 Heroas
735 3661 821 3720 quam
845 3649 924 3704 tenet
946 3642 998 3701 illa
1020 3642 1181 3718 frequens?

334 3728 450 3787 Limina
472 3727 570 3788 nullus
593 3729 663 3802 adit,
688 3725 773 3807 qne'm
797 3747 854 3790 non
876 3729 1029 3791 moderata
1049 3736 1198 3807 petentem

416 3815 533 3892 Excipit
555 3822 585 3875 et
606 3817 704 3878 subito
728 3836 788 3896 qua
806 3819 895 3894 juvat
917 3825 978 3878 arte
1001 3823 1107 3896 potest

336 3900 409 3978 Quis
431 3903 502 3962 mihi
525 3920 602 3963 nunc
624 3913 708 3965 vates
731 3909 839 3967 arentis
862 3906 982 3966 flumina
1004 3905 1122 3982 linguae

419 3990 553 4067 Impleat,
576 3998 609 4050 ut
631 3993 718 4052 rebus
742 3996 870 4053 carmina
893 3992 982 4070 digna
1004 3991 1121 4053 fluant?

334 4076 381 4135 Ah
403 4081 475 4137 sutis
497 4084 543 4138 est
563 4079 654 4139 verbo
677 4098 709 4141 se
731 4081 774 4140 illi
797 4079 960 4140 subducere
981 4081 1070 4140 moli:

418 4164 564 4225 Teutonio
587 4165 684 4227 nullus
707 4168 807 4227 fortior
830 4169 899 4228 orbe
922 4171 968 4226 vir
990 4175 1043 4230 ast.

334 4251 466 4312 Ebrietas
489 4253 621 4324 humens,
646 4256 814 4315 victricibus
837 4255 898 4315 alta
921 4253 1079 4332 quadrigis,

420 4339 559 4400 Germani
582 4343 658 4401 vires
681 4345 806 4402 conterit
827 4360 886 4401 una
907 4342 972 4402 soli.

335 4424 444 4487 Omnes
467 4431 588 4488 servitio
611 4438 724 4505 premat
746 4437 775 4491 et
797 4448 899 4490 secura
921 4429 1090 4506 triumphet:

419 4514 557 4577 Dedecus
578 4515 635 4576 hoc
656 4535 716 4578 uno
738 4518 830 4578 milite
854 4520 934 4578 vieta
954 4520 1041 4594 capit.

334 4600 429 4678 Quam
452 4603 529 4663 male
551 4602 634 4663 firma
656 4605 767 4678 Venus,
791 4608 869 4665 vieto
892 4622 979 4682 quarn
1003 4603 1108 4681 frigida
1129 4603 1256 4679 Baccho,

419 4689 563 4766 Exemplo
585 4695 702 4769 poteris,
726 4709 842 4770 sponse,
867 4692 969 4753 docere
992 4699 1052 4755 tuo.

333 4775 575 4855 Quotusquisque
599 4785 665 4841 tuos
683 4782 828 4858 juvenum
850 4787 1054 4841 numeraverat
1076 4795 1178 4852 annos,

422 4865 496 4926 Cum
519 4865 625 4945 cupida
646 4871 676 4928 in
699 4869 861 4930 thalamum
884 4869 972 4930 ducta
993 4867 1092 4946 puella
1113 4867 1171 4927 sihi
1192 4866 1258 4940 est?
