3398 5426
312 369 378 440 180
669 365 841 428 Golleeuma
858 384 893 428 cx
909 367 1050 430 codicibus
1066 367 1302 432 Pulkoricuulrua

311 557 356 612 est
377 567 446 628 crgo
468 557 581 610 meum
602 558 637 612 ut
658 554 723 612 auia
744 551 887 612 remeent
909 570 929 612 a
949 569 1026 613 roua
1040 559 1104 614 eti
1125 551 1294 614 verticibus.
1324 552 1366 613 At
1386 553 1452 614 axis
1466 559 1571 631 potest
1583 557 1672 631 quiu-

310 637 423 716 tuplum
447 635 526 699 illius
548 641 640 716 partis
684 641 819 716 majoris,
843 657 912 716 ergo
936 647 966 700 et
988 639 1034 701 bic
1056 639 1134 702 latos
1161 639 1376 718 quinquangull
1397 649 1497 718 potest
1526 644 1673 719 quintup-

6 772 22 815 4
74 711 114 822 .⁴
164 713 182 774 ’Δ
310 727 371 786 lum
398 727 669 804 quinquangularis.
718 727 785 790 Ηθΰ
811 727 849 787 ⁸⁶
876 735 990 804 imm
1024 745 1125 802 'em’
1154 730 1317 804 W‘fflim
1337 728 1439 790 hm
1462 729 1671 806 ‘immam

309 829 374 876 csse
396 813 418 900 ξ
440 813 477 874 de
499 817 632 892 potentia
657 814 757 876 lateris
784 814 997 876 dodecalidrlci.
1042 815 1172 890 Deinde,
1202 815 1330 900 eilde
1354 819 1488 892 potentia
1514 817 1624 878 lateris
1644 821 1671 877 iu

308 902 391 978 basi,
421 901 478 962 lroc
500 909 545 962 cst
566 901 610 984 (ut
632 903 721 966 modo
742 901 865 984 dictum)
886 903 908 988 ξ
930 905 1080 979 potentiae
1101 903 1201 964 lateris
1223 902 1437 978 dodecai'drlci,
1458 913 1490 965 et
1511 907 1561 966 sic
1582 907 1609 964 si
1631 905 1673 990 t'r

309 987 346 1051 de
361 992 494 1067 potentia
515 991 614 1052 lateris
637 990 841 1053 dodecaidrlcl
863 991 1012 1052 auferatur
1026 1009 1045 1050 a
1059 993 1193 1068 potentia
1206 993 1299 1068 partis
1320 993 1441 1068 maioris
1460 991 1500 1054 de
1521 993 1622 1054 latera
1643 997 1670 1053 lu

309 1079 374 1138 basi
396 1079 651 1155 proportionaliter
668 1087 758 1153 secto,
780 1079 809 1138 b.
826 1097 851 1140 e.
867 1077 904 1140 de
926 1077 1017 1138 latere
1032 1078 1186 1156 decanpuli
1203 1078 1291 1153 bujm
1313 1089 1404 1154 recto,
1426 1087 1520 1164 restat
1534 1083 1671 1157 potantia

309 1166 472 1227 altitudinis
488 1166 597 1244 auguli,
621 1167 763 1228 demenda
775 1167 811 1227 de
828 1166 910 1226 radio
925 1169 1143 1244 circumscripti.
1181 1165 1292 1226 Eadem
1316 1183 1385 1227 reru
1407 1166 1450 1252 ἡ
1468 1185 1538 1246 pars
1563 1177 1671 1246 poten·

311 1257 368 1314 tiae
391 1253 428 1315 dc
449 1253 542 1316 latere
565 1253 774 1317 dodecaidrico
797 1252 899 1314 addita
920 1253 1132 1332 adpetentiam
1153 1253 1227 1314 redii
1249 1262 1317 1332 post
1338 1255 1467 1316 damiam
1481 1255 1670 1318 altitudinem

310 1341 418 1402 residui
442 1341 558 1402 conficit
579 1345 741 1422 potentiam
761 1341 835 1402 radii
858 1343 1066 1419 circumscripti
1089 1346 1175 1402 noris
1196 1341 1323 1418 auguriis.

414 1429 572 1488 Certum
601 1428 837 1492 icosaidrou.
883 1429 975 1490 Latus
1003 1430 1159 1508 sexanguli
1188 1437 1235 1490 eat
1264 1430 1284 1514 l
1310 1429 1412 1492 latoria
1440 1431 1608 1507 maerin,
1639 1443 1671 1491 ut

310 1533 399 1593 supra
421 1518 450 1575 in
474 1525 555 1578 curto
578 1519 733 1580 tetraidro.
777 1515 912 1578 Altitudo
935 1516 1066 1578 cedentia
1088 1517 1228 1594 trianguli
1251 1526 1384 1595 estpars
1407 1519 1501 1595 major
1523 1518 1565 1580 de
1589 1517 1670 1579 radio

314 1603 422 1678 circuli,
447 1605 497 1680 qui
519 1605 773 1682 quinquangulum
796 1605 852 1666 sub
875 1613 988 1666 resecto
1012 1606 1113 1666 ambit.
1159 1610 1200 1667 nt
1222 1621 1288 1664 cnm
1309 1609 1349 1666 sit
1370 1613 1402 1664 ut
1423 1605 1502 1666 latus
1526 1607 1569 1668 ad
1593 1606 1670 1668 latur

313 1695 357 1752 sic
377 1691 477 1752 radius
499 1691 538 1751 ad
560 1694 688 1767 radium,
712 1695 752 1754 sit
775 1709 844 1753 vero
868 1693 929 1754 illic
950 1694 981 1775 ᾖ,
1006 1709 1075 1770 ergo
1097 1692 1198 1754 ethic
1219 1695 1251 1778 l,
1274 1700 1303 1756 st
1324 1696 1456 1771 potentia
1477 1693 1510 1778 i„
1532 1697 1671 1771 potentia

311 1795 381 1840 vero
404 1778 479 1839 radii
500 1795 569 1856 pars
591 1785 696 1858 quinta
718 1780 754 1842 de
774 1783 909 1858 potentia
934 1782 1013 1855 sris,
1045 1797 1115 1858 ergo
1138 1781 1181 1868 1¹3
1202 1780 1239 1843 de
1261 1784 1394 1859 potentia
1422 1783 1486 1842 axis
1515 1791 1563 1842 est
1593 1782 1668 1843 radii

276 1929 282 1942 ,
311 1865 399 1945 hujus
422 1867 522 1927 circuli
546 1871 688 1945 potentia.

412 1954 601 2016 Rhombus
625 1958 789 2018 cubicus.
828 1956 901 2016 cum
924 1955 1000 2015 binis
1022 1957 1202 2018 coctionibus
1226 1961 1290 2016 tota
1309 1955 1402 2016 latera
1423 1956 1542 2029 minut,
1568 1975 1670 2034 augu-

308 2041 403 2104 lorurn
426 2059 494 2120 ergo
518 2045 775 2121 quadrilinearium
805 2043 891 2106 sedes
913 2049 959 2104 eat
981 2041 1173 2120 quadratum,
1205 2042 1308 2104 borum
1330 2053 1398 2104 sunt
1419 2061 1482 2104 sex.
1528 2045 1569 2104 Et
1594 2045 1669 2105 trili·

307 2134 438 2192 nearium
468 2131 553 2194 sedes
582 2141 626 2194 est
657 2131 848 2210 triangulum,
880 2133 983 2193 uorum
1012 2139 1081 2192 sunt
1103 2139 1180 2193 octo.
1225 2131 1302 2192 Turn
1325 2134 1354 2190 iu
1376 2131 1537 2192 rhombicis
1568 2131 1670 2210 planis

309 2219 463 2280 duodecim
486 2227 597 2281 restant
612 2219 765 2282 duodecim
782 2220 934 2298 quadrata.
966 2217 1059 2278 Iratus
1082 2220 1123 2278 ita
1137 2218 1306 2293 secandum,
1330 2227 1361 2278 nt
1375 2237 1443 2296 pars
1459 2220 1556 2295 major
1573 2223 1670 2297 poerit

309 2306 433 2385 duplum
455 2307 584 2370 minoris.
630 2308 684 2369 Est
706 2311 783 2370 euim
805 2308 908 2370 eadere
931 2307 1015 2381 ratio,
1039 2323 1116 2383 quae
1139 2309 1167 2366 in
1190 2299 1322 2384 proxime
1344 2307 1477 2382 sequenti
1501 2306 1611 2384 figura.

1041 2393 1233 2455 Rhombus
1253 2393 1570 2458 dodecaiidricua.
1595 2395 1670 2456 Cum

582 2479 632 2532 ΕΙ·
645 2477 666 2522 ²·
935 2483 1098 2543 resectione
1126 2482 1302 2560 angulorum
1332 2481 1441 2543 cadum
1471 2489 1536 2544 tota
1563 2482 1670 2560 latera

935 2571 1088 2631 restabunt
1118 2569 1154 2632 dc
1186 2576 1226 2631 30
1258 2569 1415 2630 rbombicla
1445 2576 1487 2631 itti
1521 2570 1672 2647 quadrata

935 2665 1078 2734 eruntque
1105 2663 1174 2735 pust
1200 2659 1241 2718 20
1272 2659 1437 2718 obtusiorca
1464 2657 1597 2735 anguina
1628 2665 1669 2720 20

933 2745 1089 2822 triangula,
1113 2751 1180 2822 poti
1203 2751 1242 2806 te
1266 2747 1413 2806 acutiores
1437 2752 1477 2806 12
1492 2749 1670 2823 quinquan-

932 2830 1012 2908 guia.
1057 2831 1421 2907 secuturumque
1445 2831 1497 2892 ΕΒ
1522 2833 1670 2896 semidia-

849 2961 855 2974 .
932 2923 1025 2993 metri,
1040 2919 1140 2979 FGIH
1156 2919 1358 2996 rectangulsre
1372 2917 1563 2997 quadratum.
1591 2921 1669 2984 Dico

931 3005 986 3065 ΒΑ
1002 3014 1112 3069 sectam
1127 3007 1385 3086 proportionaliter
1399 3007 1474 3068 qu.
1512 3007 1595 3068 Nam
1611 3009 1666 3070 BA

817 3109 823 3119 ·
932 3093 970 3152 ad
991 3093 1044 3154 BE
1066 3103 1099 3155 ut
1120 3095 1173 3154 BE
1195 3093 1233 3156 ad
1255 3095 1319 3174 et,
1342 3103 1373 3156 et
1393 3097 1484 3171 igitur
1505 3095 1668 3156 ntBKad
1697 3121 1698 3158 3

930 3181 1001 3257 Kli3
1025 3191 1056 3242 at
1078 3182 1134 3242 ltu
1156 3205 1191 3234 =
1214 3181 1284 3259 ΚΕ,
1314 3199 1383 3260 ergo
1405 3181 1461 3244 ΒΚ
1489 3183 1531 3244 ad
1556 3183 1613 3245 ΚΕ
1634 3193 1669 3244 ut

931 3285 1028 3345 supra,
1052 3287 1143 3345 quare
1165 3278 1195 3332 ct
1216 3269 1267 3331 BF
1291 3268 1329 3330 ad
1351 3270 1415 3332 ΡΑ.

1035 3357 1088 3417 De
1110 3360 1248 3418 auctis.
1274 3357 1474 3435 Augmeutum
1489 3357 1667 3436 legitimum,

931 3443 1108 3520 complana
1135 3447 1341 3506 continuantur
1369 3461 1462 3522 nsque
1489 3448 1531 3506 ad
1554 3465 1668 3510 nurum

931 3546 1112 3606 concursum,
1134 3531 1184 3594 rel
1198 3550 1264 3593 cum
1279 3532 1373 3594 latera
1390 3535 1433 3594 sic
1447 3537 1667 3600 continuantur.
1696 3555 1697 3564 ¹

1034 3619 1068 3680 in
1091 3621 1166 3680 cubo
1188 3628 1256 3698 post
1277 3623 1436 3684 secdcnem
1454 3625 1546 3683 rectis
1568 3641 1666 3702 angu-

929 3703 967 3766 lis
989 3706 1123 3768 abuuunt
1144 3708 1250 3785 plana,
1276 3716 1329 3770 aut
1349 3708 1492 3786 parallela
1518 3721 1602 3772 sunt.
1631 3713 1666 3772 Ie

851 3850 857 3861 s
929 3793 1075 3856 tetraedro
1099 3796 1212 3856 obtusis
1234 3797 1366 3856 abnuunt
1388 3799 1486 3858 omnia
1503 3808 1576 3874 post
1598 3817 1665 3862 sae·
1694 3869 1695 3878 χ

928 3883 1048 3942 tionem.
1079 3881 1114 3942 Iu
1131 3882 1314 3945 dodecaddro
1329 3893 1470 3957 annuunt,
1482 3888 1557 3962 quia
1571 3904 1664 3948 unum

929 3970 1145 4030 circumstantia
1165 3973 1348 4049 gignuntque
1369 3971 1504 4034 echinum
1529 3973 1664 4036 dodeca-
1695 4023 1696 4026 ,

928 4054 1064 4117 idrienm.
1099 4058 1135 4118 In
1157 4058 1309 4121 icosae’dro
1323 4061 1415 4136 primo
1435 4071 1571 4122 annuunt
1585 4065 1663 4124 trina

304 4149 392 4194 uuum
428 4134 548 4215 planum
577 4139 805 4203 circumstantia:
834 4143 903 4204 hinc
925 4151 1022 4204 ostrea
1043 4144 1232 4207 ieoseiidrioa.
1275 4147 1386 4208 Postea
1407 4149 1498 4225 quine
1519 4166 1540 4210 a
1563 4153 1662 4227 quinia
1693 4165 1695 4186 ¹

303 4222 411 4298 angulo
435 4225 608 4284 coiuutibus
632 4226 839 4304 dependentia:
868 4231 982 4292 dicatur
1003 4232 1124 4294 echinus
1146 4233 1241 4311 major
1269 4233 1480 4310 icosaiidrlcus,
1510 4239 1661 4315 quinque-
1691 4281 1695 4294 .

301 4307 454 4370 linearium
478 4311 667 4389 angulorum
702 4317 832 4378 noudum
854 4322 966 4380 tentavi
988 4321 1242 4382 constructionem.
1287 4322 1398 4398 Anguli
1419 4326 1546 4402 primum
1569 4343 1659 4404 sepa·

301 4406 410 4472 rantur,
433 4399 484 4458 ubi
508 4406 621 4462 ostreae
645 4403 745 4479 angerii
767 4405 929 4468 trillneares
951 4405 1050 4468 latent
1097 4408 1211 4484 Tertio,
1243 4425 1309 4470 cum
1331 4413 1422 4487 quina
1449 4409 1545 4474 latera
1568 4417 1659 4491 quina

302 4485 442 4561 angulum
464 4486 632 4547 claudentia
657 4499 843 4568 connectant,
875 4511 935 4554 non
961 4502 1085 4573 possunt
1112 4513 1177 4558 esse
1205 4499 1304 4559 omnia
1330 4497 1488 4575 parallelae,
1522 4499 1658 4562 adnuunt
1693 4561 1695 4564 .

301 4571 404 4649 igitur,
428 4580 458 4636 ct
480 4577 509 4634 in
532 4575 756 4654 cadempleno,
780 4580 860 4657 quod
881 4589 926 4642 est
947 4581 1057 4659 angulo
1079 4584 1268 4660 substratum,
1291 4587 1461 4649 continuata
1484 4605 1552 4650 cum
1567 4589 1657 4668 plano
1693 4647 1694 4650 ,

301 4663 481 4724 constituunt
504 4663 639 4724 echinum
661 4668 801 4727 minorem
823 4668 1047 4744 icossidricum,
1069 4671 1259 4733 trilinearium
1281 4675 1465 4752 angulorum.

405 4751 439 4812 iu
461 4750 612 4812 rhombico
627 4753 702 4813 cubo
726 4758 858 4830 quaterni
873 4756 995 4833 rhombi,
1011 4775 1101 4818 unum
1116 4763 1345 4838 circumstantes,
1369 4765 1474 4824 cedunt
1490 4795 1533 4809 -
1549 4763 1655 4843 pulait·

300 4853 365 4902 rum
386 4853 461 4920 opus
480 4871 518 4886 -
535 4847 676 4920 quaterna
697 4839 804 4924 latera,
826 4851 953 4922 quatuor
973 4845 1146 4926 angulorum
1170 4847 1200 4910 id
1215 4848 1319 4912 eadem
1332 4849 1486 4929 superlicio
1509 4852 1655 4930 quadrata
1692 4843 1694 4866 ⁵
