3478 5424
317 385 362 460 82
836 387 998 454 Plutarchus
1016 391 1050 450 de
1067 391 1151 452 Facie
1210 376 1212 385 ’

317 561 470 642 quodlibet
497 573 528 626 et
556 561 734 632 adnascitur.
777 567 811 630 Si
841 586 910 631 vero
938 574 1044 650 'corpus
1071 569 1193 650 aliquod
1215 572 1338 646 erlatst,
1367 567 1448 647 qnod
1470 567 1578 630 Terrae
1602 583 1652 628 non

315 651 402 714 luerit
423 652 595 715 attributum
617 673 637 715 a
657 657 810 736 principio,
833 674 889 718 nac
910 659 949 719 ab
972 677 1009 719 ea
1031 657 1188 733 revulsum,
1210 655 1263 719 sed
1280 657 1359 734 quod
1380 659 1454 717 torte
1470 673 1503 718 se
1518 658 1653 734 ipsopro·

314 743 407 818 priam
435 741 570 802 sortitum
595 745 635 802 sit
661 753 794 804 naturam
823 753 853 806 et
875 749 1111 820 consistentiam,
1142 745 1229 823 quale
1256 746 1301 804 illi
1330 748 1431 822 utique
1460 743 1575 804 Lunam
1599 761 1652 804 csse

315 827 421 904 dicent,
446 828 518 905 qnid
539 830 733 910 impediverit,
756 829 830 892 illud
852 835 973 894 seorsim
995 850 1164 912 permanere
1187 835 1263 895 circa
1286 849 1319 894 se
1337 836 1441 910 ipsum,
1465 833 1589 910 propriis
1599 834 1653 890 suls

314 915 420 976 iultum
450 923 481 978 et
508 919 669 978 revinctum
697 918 853 996 partibus?
888 919 964 980 Nam
993 938 1088 998 neque
1111 920 1202 982 Terra
1232 918 1445 982 demonstratur
1472 936 1539 980 esse
1560 917 1652 992 medis,

313 1009 344 1064 ιι
364 1002 542 1080 reliquorum
558 1022 633 1082 quae
648 1006 697 1066 bic
712 1014 780 1067 snut
794 1024 946 1086 corporum
963 1025 1028 1070 cum
1044 1008 1135 1069 Terra
1157 1007 1306 1085 colligatio
1322 1008 1570 1086 compositioque,
1590 1022 1652 1066 eun·

314 1089 381 1152 dem
404 1090 442 1151 ad
465 1089 583 1152 modum
606 1103 860 1171 commemoratur,
890 1113 948 1172 quo
972 1097 1061 1157 etiam
1084 1097 1124 1156 ibl
1147 1112 1270 1175 corpora
1290 1094 1329 1158 ad
1351 1095 1466 1156 Lunam
1490 1093 1653 1154 confluentia

314 1177 380 1240 loco
412 1182 570 1242 consistere
597 1181 750 1258 probabile
772 1188 825 1242 est.
872 1181 929 1258 Qui
960 1200 1029 1244 vero
1061 1192 1154 1244 terrea
1180 1193 1210 1246 et
1231 1185 1334 1262 gravia
1363 1184 1481 1244 omnino
1510 1182 1653 1241 omniain

313 1282 405 1328 uuum
425 1265 523 1328 locum
545 1269 623 1346 cogit
645 1270 788 1346 uniusque
812 1272 940 1347 corperis
963 1279 1059 1350 partes
1082 1272 1168 1346 iacit,
1199 1274 1225 1332 is
1247 1287 1297 1330 cnr
1320 1287 1378 1330 nou
1401 1277 1432 1332 et
1452 1268 1570 1330 levibus
1591 1285 1652 1328 ean·

314 1352 382 1416 dem
404 1371 440 1415 es
463 1353 587 1416 adverso
610 1359 814 1418 necessitatem
836 1361 981 1436 imponat,
1012 1358 1092 1420 baud
1119 1357 1255 1434 equidem
1281 1358 1459 1436 perspiei03,
1473 1358 1546 1432 quin
1567 1357 1654 1432 potius

313 1449 359 1503 tot
380 1448 536 1519 tantasque
559 1445 637 1522 ignis
666 1446 869 1505 consistentiam
898 1463 953 1506 ιιιι
981 1445 1073 1508 moles
1103 1449 1228 1524 sparsim
1258 1455 1288 1506 et
1316 1446 1503 1504 abinvicem
1534 1442 1653 1504 divalssr

314 1545 379 1589 esse
401 1529 543 1604 concedit,
565 1546 621 1591 nec
641 1534 795 1612 perspicue
818 1533 962 1611 opinatur,
987 1550 1087 1594 omnes
1104 1531 1207 1595 stelles
1230 1536 1259 1592 in
1275 1530 1399 1592 eundem
1421 1531 1520 1592 locum
1544 1547 1655 1607 congra-

312 1631 396 1694 gaus,
419 1626 552 1693 oportere
574 1620 663 1679 etlam
686 1636 876 1698 supernorum
900 1621 1308 1702 cursuumdammsornmque
1323 1619 1450 1682 siderum
1471 1633 1566 1678 unum
1585 1633 1655 1678 oon·

314 1721 401 1765 mune
424 1720 530 1782 corpus
552 1721 626 1768 esse.

416 1789 475 1852 Sed
498 1791 596 1852 Solem
627 1809 694 1868 vos,
722 1793 858 1870 inquam,
887 1797 926 1856 mi
958 1791 1163 1874 Apollonides,
1194 1791 1312 1853 induitis
1343 1791 1466 1852 millium
1496 1790 1657 1852 millibusa

314 1880 408 1958 primo
433 1888 463 1940 ct
484 1895 620 1958 supremo
642 1887 723 1940 motu
745 1881 849 1942 abesse
872 1880 982 1956 dicitis,
1006 1890 1035 1943 et
1058 1879 1223 1942 Lucilemm
1244 1882 1322 1942 eirca
1344 1882 1449 1958 ipsum,
1471 1879 1656 1940 Mercurium·

293 1983 381 2044 ι(ιιι,
403 1983 457 2028 nec
478 1983 537 2028 non
560 1974 590 2028 et
613 1983 729 2028 errones
744 1976 856 2029 ceteros
878 1975 938 2029 tam
954 1969 991 2029 ab
1008 1970 1201 2029 lustrantibus
1215 1971 1243 2028 iu
1259 1967 1404 2046 proiundo
1425 1967 1563 2044 relinqui,
1579 1983 1657 2043 quam

312 2055 386 2116 iuter
408 2071 441 2115 se
462 2063 564 2116 mutuo
587 2056 723 2116 maximis
746 2055 907 2117 intervallis
931 2056 1074 2118 distantes
1095 2057 1219 2132 incitari,
1242 2056 1383 2134 gravibus
1406 2072 1476 2116 vero
1499 2063 1531 2115 at
1545 2056 1657 2114 terrenis

312 2143 485 2204 existimatis
507 2160 526 2202 a
547 2141 656 2202 mundo
679 2141 752 2202 nibil
774 2145 863 2219 spatii
885 2143 960 2206 inter
981 2161 1014 2206 se
1036 2143 1176 2222 nullaque
1198 2142 1354 2204 intervalla
1368 2141 1481 2204 indulta
1494 2160 1573 2204 esse.
1610 2139 1657 2200 vt·

311 2227 387 2289 detis
411 2231 513 2307 opinor
536 2227 674 2290 ridiculos
696 2245 760 2290 esse
786 2247 854 2305 noe,
885 2233 911 2290 si
933 2231 1049 2292 Lunam
1077 2231 1115 2292 ob
1138 2229 1169 2290 id
1199 2233 1406 2308 negaverimus
1438 2247 1503 2290 esse
1534 2236 1659 2300 terream,

310 2318 382 2394 quia
402 2314 535 2376 nonnihil
557 2315 643 2376 distet
658 2317 696 2380 ab
713 2319 772 2378 imo
793 2317 894 2378 mnudi
915 2319 990 2393 loco,
1013 2318 1096 2381 sidus
1117 2334 1187 2378 sero
1203 2317 1283 2379 illam
1299 2317 1450 2392 isdemne,
1473 2334 1540 2378 cum
1564 2315 1660 2376 rides·

309 2419 376 2466 mns
397 2402 478 2463 illam
500 2420 520 2464 a
540 2405 634 2481 primo
657 2412 687 2464 et
708 2420 845 2482 supremo
875 2414 956 2468 motu
986 2413 1030 2466 tet
1059 2405 1188 2465 millibus
1211 2404 1335 2466 millium
1357 2404 1514 2483 repulsam,
1539 2421 1576 2466 ac
1597 2405 1621 2463 si
1635 2403 1661 2460 in

313 2497 435 2572 puteum
462 2491 592 2567 aliquem
621 2493 660 2552 sit
690 2490 830 2554 demersa.
876 2493 960 2556 Certe
989 2494 1028 2554 ab
1050 2495 1136 2554 astris
1163 2492 1282 2572 reliquls
1315 2501 1428 2554 tantum
1458 2491 1510 2553 illa
1539 2493 1660 2564 recessit,

314 2587 457 2656 quantum
478 2595 565 2640 nemo
588 2577 675 2640 lacile
696 2581 948 2658 pronunciaverit3
970 2579 1108 2640 deliciunt
1129 2581 1207 2640 enim
1229 2597 1284 2641 vos
1298 2579 1522 2642 mathematicos
1545 2578 1661 2650 numeri,

314 2665 421 2744 quibus
444 2664 508 2742 ejus
529 2683 683 2728 mensurae
706 2668 835 2728 rationes
857 2667 1044 2754 subduucatisq
1066 2667 1186 2730 Terram
1201 2684 1271 2729 vero
1286 2667 1346 2730 fere
1361 2669 1505 2746 contingit
1518 2669 1662 2746 proxime·

313 2769 371 2831 que
394 2754 589 2816 circumvecta

473 2839 560 2902 Trita
581 2839 664 2902 uelut
685 2858 796 2904 catatu
816 2842 946 2918 replicat
966 2844 1102 2921 vesbqr‘e,
1124 2839 1168 2924 (ut
1189 2839 1383 2920 Empedoclea
1406 2844 1497 2920 canit)

726 2961 771 2974 -
813 2961 856 2976 -
901 2962 943 2975 -
989 2963 1027 2974 -
1072 2946 1227 2992 summunt

471 3013 631 3098 (Deliberas
652 3015 798 3078 ambrum
819 3017 937 3094 pelidae
962 3013 1110 3098 Telluris).

311 3103 406 3182 Saepe
429 3105 506 3164 enim
528 3121 565 3164 ne
587 3104 721 3164 umbram
749 3102 867 3182 qnidam
890 3103 968 3165 illius
995 3112 1116 3183 superat
1142 3121 1297 3183 parumper
1319 3096 1480 3178 elevatam,
1510 3110 1664 3181 propterea

313 3195 383 3270 quta
405 3207 511 3268 eorpus
532 3190 653 3252 Terram
676 3190 844 3251 illuminaus
865 3192 954 3270 plana
975 3193 1133 3254 maximum
1157 3201 1210 3268 ιιι,
1233 3191 1287 3253 sed
1310 3191 1384 3252 adeo
1408 3189 1526 3252 videtur
1540 3193 1573 3249 in
1597 3207 1664 3250 con·

312 3286 414 3356 spectu
436 3296 473 3338 ac
492 3295 568 3356 pane
591 3276 711 3338 dixerim
734 3279 763 3337 in
786 3278 862 3338 ulnis
884 3280 992 3341 Tenue
1023 3282 1145 3354 versari,
1178 3288 1212 3339 ιιι
1232 3281 1319 3341 etiam
1343 3276 1510 3340 obvalletnr
1532 3279 1594 3356 ipsi
1616 3274 1664 3337 Sol

312 3366 446 3440 aTerra,
468 3383 524 3427 nec
546 3376 700 3443 exsuperet
721 3364 773 3427 ills
796 3367 965 3428 umbrosum
988 3367 1103 3428 istbuuc
1118 3373 1147 3428 et
1161 3373 1285 3428 terreum
1300 3371 1534 3442 nocturnamque
1558 3365 1663 3438 locum,

310 3455 361 3532 qul
384 3456 412 3512 in
436 3453 544 3516 Terrae
573 3463 651 3514 sorte
675 3459 728 3513 ιιι.
773 3451 933 3533 Propterea
956 3463 985 3516 et
1006 3453 1107 3516 ildeuti
1130 3453 1247 3530 quidem
1274 3449 1376 3513 animo'
1398 3455 1588 3530 pronunciari
1611 3452 1664 3512 boc

311 3557 330 3602 a
352 3542 437 3602 nobis
460 3542 594 3602 existimo
609 3557 706 3618 posse,
730 3539 845 3604 Lunam
867 3543 896 3601 in
912 3543 1044 3606 confiniis
1060 3541 1169 3604 Terrae
1184 3558 1256 3616 esse,
1279 3547 1420 3618 tauquam
1434 3547 1503 3618 post
1517 3549 1664 3602 exuemus

311 3629 375 3707 ejus
399 3645 465 3689 orae
488 3627 636 3690 latentem.

413 3714 573 3778 Considera
594 3733 664 3778 vero
686 3711 824 3797 (dimissis
846 3716 912 3778 allis
935 3716 1085 3778 errouibus
1100 3724 1130 3800 ιι
1152 3711 1366 3795 manantibus),
1388 3713 1461 3792 qnid
1477 3713 1666 3775 Aristarchus

310 3800 487 3864 demonstret
508 3803 583 3864 libro
606 3803 643 3864 de
666 3803 914 3882 magnitudinibus
937 3811 966 3865 at
988 3801 1162 3876 intervallis,
1195 3801 1275 3864 Solis
1296 3801 1484 3862 intervallum
1515 3801 1665 3863 intervalli

309 3887 427 3966 Lunae,
450 3909 509 3969 quo
532 3891 584 3950 illa
606 3890 696 3951 distat
717 3909 736 3950 a
758 3892 869 3967 nonis,
885 3909 951 3954 esse
974 3889 1069 3966 majus
1091 3889 1211 3968 quldcm
1233 3889 1441 3968 octodecuplo,
1471 3889 1574 3950 minus
1597 3906 1665 3950 varo

310 3977 476 4055 vlgecuplo.
508 3980 600 4056 Atqui
623 3977 736 4038 Lanam
760 3980 810 4056 qui
834 3995 921 4054 qoam
943 3976 1085 4038 altissimo
1108 3977 1215 4053 evehit,
1239 3976 1347 4039 distare
1370 3977 1451 4037 illam
1473 3976 1546 4038 dicit
1571 3995 1625 4038 sex
1640 3985 1667 4038 et

309 4065 563 4143 quinquagecnpln
587 4065 664 4143 ejus,
688 4083 764 4142 quae
786 4083 823 4126 er
845 4075 943 4126 centro
959 4065 1066 4126 Terrae
1083 4066 1196 4127 ducitur
1209 4065 1248 4126 ad
1269 4064 1399 4144 ejusdem
1415 4063 1605 4142 superficiem
1618 4060 1665 4141 ¹³).

308 4149 393 4212 Haec
425 4170 495 4214 vern
523 4154 602 4212 linea
631 4152 790 4213 stadiorum
814 4153 903 4213 babet
928 4155 1103 4230 quadragies
1126 4152 1213 4213 millo.
1260 4153 1298 4213 Et
1324 4152 1484 4214 secundnm
1514 4169 1586 4226 eos,
1619 4151 1666 4228 qni

307 4237 406 4300 media
434 4237 560 4317 quadam
588 4242 700 4302 rabone
728 4249 899 4318 computant
925 4249 1015 4317 atque
1045 4241 1084 4300 ab
1107 4242 1165 4300 ista
1192 4240 1270 4302 linea
1290 4257 1383 4300 suam
1410 4241 1667 4301 ratiocinationem

307 4334 436 4401 nectunt,
459 4327 544 4388 abest
566 4325 617 4388 Sol
640 4344 659 4387 a
682 4326 769 4388 Luna
790 4326 856 4404 plus
880 4345 968 4405 quam
991 4327 1165 4404 quadragies
1188 4327 1266 4388 mille
1296 4334 1326 4388 et
1346 4334 1477 4390 trecenta
1498 4325 1667 4388 stadiomm

309 4413 411 4476 millia.
458 4413 493 4474 In
515 4421 628 4476 tantum
651 4413 753 4475 aSole
775 4415 897 4475 recessit
925 4415 962 4474 ob
984 4418 1160 4491 gravitatem
1183 4423 1354 4492 tantumque
1376 4413 1476 4475 Terris
1499 4417 1666 4494 appropin-

307 4503 419 4579 quarit.
455 4501 560 4578 ltaque
583 4503 607 4562 si
631 4503 748 4561 omnino
771 4519 865 4562 rerum
888 4501 997 4562 classes
1019 4510 1088 4564 snut
1110 4500 1333 4580 distinguendae
1355 4501 1441 4576 locis,
1466 4500 1579 4564 Terrae
1603 4519 1668 4566 sors

308 4588 474 4668 Terraeque
497 4588 590 4649 veluti
612 4587 675 4648 dies
697 4588 846 4665 judicialis
861 4589 974 4650 ianuam
988 4590 1124 4665 advocat,
1148 4599 1251 4666 estque
1265 4590 1350 4650 Lana
1371 4607 1467 4650 rernm
1489 4605 1668 4667 corporum·

307 4695 364 4754 que
388 4679 565 4738 terrestrium
588 4684 711 4754 patrona
733 4677 770 4737 ob
793 4676 943 4737 affinitatis
965 4685 994 4738 et
1018 4680 1173 4740 vicinitatis
1190 4675 1443 4740 necessitudinem.
1479 4675 1589 4750 Neque
1613 4693 1668 4738 nos

307 4767 410 4841 opinor
432 4767 588 4842 quicquam
616 4780 734 4824 mosera
762 4762 862 4838 debet,
894 4764 973 4841 quod
1005 4783 1071 4826 cum
1092 4763 1168 4839 illie,
1199 4781 1276 4842 quae
1304 4781 1432 4841 superna
1461 4764 1666 4842 appellanmr,

306 4859 420 4914 tautam
441 4855 610 4918 vastitatem
632 4859 772 4930 tantaque
793 4850 998 4916 indulserimus
1020 4852 1184 4929 intervalla,
1206 4851 1395 4932 relinquimus
1416 4851 1548 4930 aliquam
1573 4855 1668 4916 etiam

1717 4999 1721 5106 ι

1707 5239 1720 5420 l
