3478 5424
347 377 392 450 42
705 385 707 399 ·
897 389 1012 447 somus
1029 387 1141 461 sepum

346 561 389 612 cst
403 563 533 628 exceptas
556 573 638 618 voces
660 560 728 620 istas
747 565 782 622 nb
799 563 896 622 animis
912 565 1104 633 imminuis,
1130 563 1209 620 lurra
1227 559 1317 620 omnis
1333 556 1542 630 mspicanttbus
1578 555 1684 612 Prinu

345 634 452 704 onmem
470 637 610 708 exemplar
627 639 716 709 Praga
734 643 863 714 lipsiam,
881 645 944 702 indo
962 645 1112 714 Tubingsm
1130 643 1264 713 perlatum
1283 645 1326 697 est
1343 647 1414 694 sano
1432 637 1501 694 1611
1520 652 1538 691 a
1555 635 1684 728 Berones

344 713 545 772 Volclterstortl
559 716 675 788 eiusque
691 735 796 776 morum
813 729 843 779 et
860 723 1011 780 studiorum
1029 721 1175 794 magistris.
1210 721 1346 791 Qummn
1363 717 1442 774 abest
1463 723 1496 772 nt
1512 715 1645 806 credatis,
1661 731 1684 769 m

341 795 482 850 tonstrinis
504 796 673 864 (praesertlm
698 799 722 854 si
744 802 845 870 quibus
869 810 911 858 est
932 804 966 858 ab
990 801 1169 872 occupatione
1192 797 1353 856 Fiolrbildls
1375 811 1452 852 meae
1472 811 1572 852 nomeu
1597 809 1685 850 omino

342 873 429 942 sum),
455 877 483 928 in
501 874 544 928 his
562 873 646 943 igitur
662 878 867 936 confabulatum
890 880 976 936 inisse
998 880 1033 936 de
1050 881 1103 936 hac
1121 893 1182 933 mea
1203 875 1314 932 fabula?
1350 875 1429 932 Certe
1450 874 1579 944 equidem
1597 889 1631 928 ex
1646 871 1685 927 illa

339 948 402 1019 ipsa
418 949 486 1006 urbe
504 956 532 1005 et
550 951 631 1010 domo
650 955 723 1009 enati
742 964 806 1014 sunt
822 973 961 1014 sermones
979 957 1014 1014 de
1030 973 1074 1014 me
1090 957 1152 1026 ipso
1170 953 1330 1012 cdumuiosi
1346 953 1470 1024 proxime
1487 951 1685 1009 succedentibus

340 1031 428 1099 aunis,
448 1029 495 1100 qul
513 1033 619 1100 excepti
638 1033 671 1089 ab
690 1036 786 1092 animis
803 1037 920 1094 incensis
939 1040 1049 1096 undem
1068 1044 1230 1094 exarserunt
1240 1037 1269 1091 in
1283 1035 1390 1103 tamam,
1408 1031 1545 1104 imperitia
1563 1038 1593 1088 et
1603 1046 1686 1102 aupes·

339 1106 450 1164 stitione
468 1107 650 1168 numantinus.
674 1114 734 1172 Nisi
751 1117 843 1179 tollor,
863 1119 903 1174 sic
921 1117 1066 1174 censebitis
1083 1117 1207 1188 potuisse
1223 1121 1252 1172 et
1269 1113 1378 1169 domum
1396 1127 1485 1166 meam
1503 1125 1601 1166 carere
1616 1123 1685 1198 rexs-

338 1185 414 1240 tione
432 1189 572 1244 sexennali
597 1197 625 1247 et
646 1208 689 1248 roe
711 1196 929 1265 peregrinatione
948 1195 1039 1254 annali
1058 1196 1195 1267 proxima,
1218 1193 1270 1252 nisi
1288 1189 1422 1248 somniate
1438 1195 1590 1260 proecepta
1606 1186 1686 1244 Fiolx·

341 1263 423 1320 hildis
441 1266 524 1336 hujus
542 1267 695 1331 violassem.
721 1275 829 1331 Placuit
845 1277 929 1345 igitur
945 1277 1020 1346 mihi,
1039 1276 1172 1334 somnium
1190 1276 1244 1331 boc
1254 1287 1345 1330 meum
1362 1269 1457 1327 uldsci
1474 1267 1510 1324 da
1527 1271 1637 1338 negotio
1647 1283 1685 1324 ex·

338 1343 425 1400 bibito
443 1346 598 1414 vulgatione
616 1349 709 1420 libelli,
728 1353 891 1410 maerssriis
909 1353 985 1411 allud
1001 1354 1134 1410 mecedo
1152 1353 1211 1409 erit
1637 1425 1665 1438 ..

441 1424 467 1481 9.
486 1425 587 1482 Heclae
610 1431 709 1485 montis
732 1432 859 1500 ignivomi
883 1441 950 1490 nota
973 1438 1016 1489 est
1033 1433 1147 1490 historia
1171 1448 1206 1487 ex
1223 1430 1330 1502 mappis
1354 1435 1383 1484 et
1398 1427 1476 1486 libris
1494 1425 1685 1518 80⁰8?th

339 1499 372 1556 In
389 1515 487 1569 genere
505 1506 633 1576 supplicii
649 1512 760 1580 respexi
779 1512 813 1567 sd
831 1511 959 1581 fabulam,
978 1519 1010 1569 ut
1027 1511 1162 1579 existimo,
1181 1507 1356 1582 Empedoclis
1373 1507 1445 1564 illius
1457 1505 1533 1576 apud
1544 1506 1687 1594 Diogenen

335 1577 489 1653 Isaertium,
515 1585 561 1653 qni
587 1601 649 1643 cum
672 1589 789 1646 Aetnam
814 1600 934 1648 montem
959 1592 1139 1658 ascendisset,
1163 1597 1195 1647 nt
1217 1589 1313 1644 divinis
1336 1595 1400 1659 post
1427 1587 1533 1643 obitum
1558 1591 1687 1672 potiretur

336 1657 495 1732 honoribus,
513 1664 541 1719 in
559 1664 635 1734 ipsos
653 1683 683 1723 se
701 1677 822 1727 crateras
840 1671 981 1728 demisisse
999 1687 1084 1742 seque
1101 1667 1389 1748 dammisrimmoiasse
1405 1666 1482 1722 ιίιιιι
1502 1664 1630 1734 fingitur,
1648 1677 1687 1730 qm

334 1734 459 1794 lomois
476 1755 574 1798 musas
591 1748 694 1802 setsrm
712 1751 886 1820 qnaesitmus
907 1751 1025 1807 incendii
1043 1765 1179 1821 meosque
1196 1751 1348 1806 temeritme
1365 1761 1529 1818 progressus
1546 1762 1598 1816 eo,
1623 1743 1688 1834 nude

334 1815 440 1884 regredi
457 1833 513 1876 non
529 1829 645 1893 poterat,
663 1825 808 1886 fatiscente
826 1831 877 1885 sub
895 1831 1015 1900 resumis
1033 1829 1154 1884 cinerem
1172 1829 1324 1884 incrustata
1341 1825 1498 1896 superlicio,
1517 1841 1583 1880 sera
1599 1839 1686 1894 pocus

335 1895 430 1951 tudine
446 1898 620 1972 curiositatis,
638 1919 690 1958 nec
708 1903 766 1960 ulls
781 1906 871 1962 iamne
888 1905 970 1975 huius
989 1923 1062 1972 cusa,
1081 1905 1218 1978 lugentem
1236 1906 1338 1962 insitus
1351 1905 1453 1960 dimisit
1465 1905 1593 1960 animm.
1625 1903 1688 1957 Nam

335 1972 417 2029 eitius
435 1974 521 2031 iatum
543 1979 570 2033 c.
583 1979 672 2035 Plinio
690 1980 751 2052 tuit,
768 1984 816 2052 qui
828 1985 975 2040 Vesurisni
993 1983 1070 2040 clade
1088 1985 1206 2042 moendii
1222 2001 1273 2055 per
1290 1984 1407 2041 infestos
1425 1984 1549 2040 cinerum
1566 1989 1597 2040 et
1609 1980 1687 2052 pnm't

334 2067 394 2109 cnm
413 2055 514 2113 imbres
531 2057 743 2130 philosophandi
762 2077 845 2116 cansa
864 2062 1060 2132 Pompeianum
1077 2063 1209 2132 insectus,
1226 2063 1376 2132 sulphureo
1393 2061 1498 2116 foetore
1516 2059 1689 2116 etcineribus

334 2133 451 2202 oppletis
463 2137 608 2206 spiraculis
620 2137 770 2196 suffocatus
783 2149 832 2195 est.
860 2140 906 2196 Sic
916 2141 1051 2196 Homerus
1063 2142 1216 2210 aenigmate
1226 2142 1402 2211 piscatorum,
1419 2140 1583 2196 Aristoteles
1596 2135 1689 2206 Euripi

332 2213 592 2283 reciprocationibns
610 2217 760 2274 excruciati
778 2218 861 2274 sitam
877 2218 906 2272 iu
924 2218 1012 2274 undas
1029 2219 1164 2288 abjecisse
1185 2219 1321 2275 fabulosis
1337 2219 1542 2275 ummdonibus
1559 2217 1689 2304 feruntur.

332 2291 375 2345 ita
391 2291 515 2363 plerique
533 2310 652 2351 amorem
669 2297 697 2352 in
715 2312 746 2354 se
763 2296 893 2353 scientiae
910 2297 1080 2354 ulciscuntur
1095 2306 1258 2370 paupertate
1280 2303 1309 2354 et
1332 2295 1402 2352 odiis
1423 2297 1610 2365 ignorantium
1628 2295 1690 2349 diu·

332 2375 390 2426 tum
408 2375 573 2441 provocatis.

438 2450 478 2506 10.
495 2450 587 2508 Allusi
604 2453 640 2509 sd
657 2469 747 2510 mores
765 2454 897 2510 barbaros
913 2453 1069 2510 idiotarum.
1103 2453 1133 2510 Si
1151 2454 1232 2510 etiam
1250 2453 1379 2509 scientiae
1396 2459 1513 2510 matrem
1530 2452 1591 2521 des,
1611 2465 1691 2522 wan

332 2539 382 2596 ego
401 2542 486 2597 snpra
504 2529 576 2597 dixi,
602 2531 799 2602 Ignorantiam,
824 2532 968 2588 Rationem
993 2546 1058 2588 sero
1079 2537 1198 2602 patrem:
1227 2531 1353 2602 equidem
1375 2531 1450 2587 hunc
1466 2539 1576 2603 patrem
1594 2532 1631 2589 ab
1647 2530 1691 2586 illa

330 2611 417 2662 nano
434 2607 479 2663 vel
495 2608 615 2677 ignorari
632 2609 676 2666 rel
693 2611 776 2666 celari
793 2623 844 2680 par
862 2617 912 2668 est.
1667 2687 1674 2700 ·

438 2688 478 2744 11.
496 2687 529 2744 ln
546 2689 677 2746 historica
700 2691 882 2762 descriptione
901 2691 1009 2749 Scotino
1032 2697 1061 2748 et
1077 2691 1227 2764 Orcadnm,
1249 2697 1364 2750 auctore
1380 2690 1566 2759 Buchansuo,
1590 2695 1691 2746 mentso

327 2763 365 2897 hh
377 2763 529 2838 piscatoris,
547 2769 594 2838 qui
612 2786 673 2826 cnm
691 2779 765 2828 esset
781 2786 913 2828 annornm
924 2775 982 2844 150,
998 2787 1034 2829 ex
1048 2771 1198 2842 juvencula
1214 2787 1301 2830 uxore
1312 2777 1393 2842 pater
1417 2770 1455 2826 sit
1473 2769 1568 2826 lamus
1587 2769 1692 2838 aitque

366 2855 482 2900 erorum.

432 2922 476 2982 12.
495 2923 566 2993 Quis
582 2925 709 2997 superius
726 2928 802 2983 nives
820 2933 849 2984 et
859 2925 1028 2998 conlrsgoss,
1046 2927 1074 2983 in
1086 2941 1192 2984 summo
1208 2927 1287 3000 ignes
1299 2943 1315 2985 e
1327 2926 1521 2997 subterraneis,
1539 2931 1574 2982 nt
1589 2930 1692 2982 toettu·

326 3001 372 3054 tur
387 2999 524 3059 historiae

434 3081 474 3136 13.
494 3080 565 3150 Quia
575 3081 698 3140 islandia
713 3083 765 3140 snb
782 3083 872 3154 polari
888 3083 990 3140 circulo
1008 3089 1052 3140 est
1062 3084 1125 3142 sita.
1153 3084 1199 3142 Sic
1210 3084 1303 3141 audivi
1321 3084 1404 3142 etiam
1415 3099 1434 3142 a
1445 3083 1580 3156 Tychone
1592 3080 1692 3147 Erebe,

327 3148 375 3218 qui
392 3148 460 3206 haec
479 3165 513 3206 ex
530 3152 620 3208 relatu
637 3155 776 3211 recensuit
793 3156 915 3225 episcopi
932 3153 1069 3212 islandici.
1673 3229 1681 3240 ι

432 3230 475 3287 14.
493 3231 647 3288 Medicinae
665 3240 694 3290 et
710 3234 890 3290 “nonomine
908 3233 1000 3290 studia
1016 3239 1146 3303 cognata,
1162 3249 1198 3289 ex
1216 3235 1313 3292 eodem
1330 3235 1423 3302 fonte,
1441 3229 1582 3290 desiderio
1599 3245 1693 3300 ecgm-

325 3306 408 3362 tionis
424 3323 516 3366 rernm
533 3305 726 3368 naturalium*
740 3313 889 3370 Herbariae
910 3329 975 3370 sero
998 3314 1144 3385 empiricae
1168 3314 1330 3383 plommque
1351 3318 1418 3368 sunt
1438 3325 1567 3368 aunexse
1584 3323 1685 3378 super·

325 3385 460 3444 stitiones.
920 3387 923 3396 ’

428 3467 474 3524 15.
492 3465 570 3523 Trita
586 3473 631 3524 est
647 3468 717 3525 haec
734 3468 855 3539 traditio,
872 3485 937 3526 sera
954 3487 990 3528 an
1006 3471 1085 3541 falsa,
1103 3472 1131 3526 in
1143 3471 1342 3542 geographicis,
1361 3469 1564 3540 gubernatores
1576 3464 1687 3524 uadum

324 3557 359 3599 ex
371 3543 492 3601 islandia
508 3547 667 3616 navigantes
684 3554 828 3604 veuwrum
845 3563 926 3619 quem
943 3550 1028 3606 seint
1045 3557 1139 3621 aperto
1157 3549 1231 3604 renti
1248 3557 1310 3606 utre
1328 3549 1428 3618 excire,
1447 3549 1564 3620 quodsi
1577 3546 1640 3617 quis
1653 3545 1687 3602 sd

323 3637 404 3679 rosae
421 3625 548 3680 nauticae
565 3625 695 3682 rhombos
713 3625 913 3696 indiculumque
925 3629 1107 3698 magneticnm
1124 3633 1153 3685 et
1169 3627 1320 3685 rectionem
1332 3629 1514 3698 gubernaculi
1525 3626 1688 3694 maletat,

322 3701 348 3758 is
364 3717 429 3756 sera
445 3703 642 3772 propemodum
660 3703 768 3760 disent.
804 3705 871 3762 Oum
889 3709 960 3763 enim
977 3709 1012 3766 32
1030 3709 1105 3764 renti
1123 3715 1296 3776 censentur,
1314 3721 1481 3778 quocunque
1500 3721 1537 3760 ex
1556 3705 1594 3760 16
1605 3703 1687 3760 unius

323 3780 516 3850 hemisphaerii
533 3781 626 3850 dante,
645 3783 669 3839 si
686 3783 878 3854 gutenatoria
895 3788 993 3856 peritis
1010 3789 1169 3853 accesserit,
1187 3785 1287 3842 indicio
1304 3800 1385 3843 rosae
1405 3792 1435 3842 et
1451 3785 1569 3854 remigio
1588 3783 1688 3855 guber·

323 3857 415 3913 naculi
432 3859 509 3913 uaris
527 3858 684 3929 impelletur
701 3861 837 3918 dmtiuato
849 3865 909 3934 ejus
923 3866 1114 3936 hemisphaerii
1131 3865 1238 3934 itinere,
1255 3873 1352 3922 tentos
1370 3881 1435 3922 vero
1454 3865 1591 3922 conumii
1602 3861 1688 3918 herni-

324 3935 443 4006 sphaerii
462 3937 634 4007 dispstiando
652 3939 688 3994 ad
705 3938 794 3996 latera
810 3958 919 3998 rursum
935 3959 1128 4014 pronumque,
1147 3943 1220 4013 quod
1239 3943 1383 4014 appellant
1400 3945 1529 4015 Lepore,
1549 3941 1690 4012 tantispoe

323 4014 446 4083 eludunt,
466 4015 531 4070 dum
547 4016 567 4069 ii
584 4017 612 4070 in
630 4033 724 4072 eorum
741 4020 870 4074 coutrmii
885 4021 1079 4091 hemisphaerii
1096 4037 1180 4078 unum
1197 4028 1408 4080 commutentur.

430 4095 471 4149 16.
488 4091 533 4148 lta
550 4093 687 4150 mierebat
705 4095 850 4172 episcopus
865 4098 1018 4155 Islandicns
1035 4099 1157 4170 Tyohoni
1169 4100 1286 4170 Braheo,
1305 4101 1426 4171 rhgines
1438 4099 1597 4159 Isimdicm
1616 4101 1689 4157 inter

322 4169 488 4228 audiendum
508 4171 537 4226 in
563 4172 664 4241 templo
690 4173 803 4229 rehum
820 4177 872 4230 Dei
901 4175 989 4232 solere
1007 4176 1080 4232 dicta
1098 4185 1146 4234 sut
1167 4193 1249 4235 rocos
1267 4180 1415 4236 nonnullos
1433 4185 1570 4250 exceptas
1587 4195 1644 4237 acu
1662 4185 1691 4235 et

321 4249 374 4306 lll'n
393 4248 524 4306 coloratis
541 4249 691 4306 admirabili
708 4252 846 4308 celeritate
863 4253 892 4308 iu
909 4253 1002 4310 linteis
1018 4257 1170 4326 exprimere
1186 4258 1286 4314 nendo.

428 4329 474 4384 17.
494 4329 587 4385 Socha
603 4336 631 4384 et
648 4328 798 4385 orcadibus
816 4329 949 4399 superiori
966 4345 1067 4389 oceano
1085 4335 1248 4404 praeteritis.

425 4409 470 4464 18.
489 4406 598 4463 Scilicet
614 4406 661 4463 hic
678 4406 788 4463 moenio
805 4409 906 4476 caruit,
927 4413 959 4463 ut
975 4409 1077 4468 boreos
1098 4411 1211 4482 injurias
1228 4413 1361 4484 edmero,
1386 4415 1586 4487 Nordsseglsm
1605 4415 1690 4476 desii-

320 4495 414 4546 natam
431 4488 567 4556 attingere
584 4501 639 4542 non
656 4492 762 4556 posset.

424 4568 468 4624 19.
487 4565 532 4621 iix
549 4563 640 4620 relatu
657 4563 803 4634 Tyehonis,
820 4571 853 4621 ut
870 4579 954 4635 snpra
968 4565 1003 4625 N.
1021 4567 1064 4622 1&

425 4645 469 4702 20.
487 4642 704 4712 berengerio,
728 4659 869 4700 cervorum
886 4645 1140 4713 septentrionalium
1163 4663 1276 4720 genere,
1301 4650 1399 4707 scn'bit
1420 4653 1457 4708 ad
1475 4653 1690 4723 Lsndgrarium

321 4725 436 4782 ilmsiae
453 4724 548 4796 'rycho
565 4723 700 4792 Braneus,
717 4737 765 4778 eos
783 4737 838 4777 non
855 4724 954 4778 domne
970 4725 998 4779 in
1014 4725 1116 4797 Dauia,
1135 4729 1208 4798 quod
1225 4727 1275 4785 illa
1291 4733 1469 4800 quantumvis
1486 4732 1595 4803 frigida
1612 4735 1690 4804 regio

320 4803 407 4862 multo
423 4811 516 4862 tamen
534 4801 824 4874 conplectendum
842 4800 984 4872 Flanonia
1000 4802 1116 4874 lappis,
1134 4805 1181 4862 ubi
1197 4807 1513 4868 meinrnocsninst
1544 4813 1690 4873 lalandise
