3398 5426
33 357 93 404 qt:

0 399 72 508 desa-'⁶1
93 415 118 448 ·’
147 431 151 440 “
190 471 202 480 η,
236 461 239 470 ·
307 421 371 492 282
667 423 839 484 collectanea
857 441 892 482 cx
910 427 1049 486 codicibus
1067 425 1300 484 Pulhovieusibus.

91 625 115 650 ι’
227 661 233 670 ,
307 611 400 666 teram
422 604 566 678 hibernis,
599 606 656 664 nisi
678 605 718 664 sit
740 613 773 665 ut
796 621 862 666 cnm
884 606 994 684 polani,
1025 615 1059 668 ut
1080 625 1138 670 uua
1161 615 1246 669 nocta
1268 607 1391 670 hiberna
1411 607 1500 668 simul
1523 613 1557 668 et
1578 607 1665 668 alda·

114 695 116 702 '
267 735 268 738 ,
304 693 380 754 sima
409 693 462 753 fiet
484 700 513 754 et
536 699 604 770 post
629 698 668 754 ta
691 691 780 754 horas
802 695 975 756 humillima.
1020 696 1096 757 Nam
1124 699 1197 756 situs
1228 694 1332 756 stallae
1357 693 1468 773 polaris
1500 695 1664 756 seemdum

40 841 62 852 .,
165 829 167 836 a
306 779 461 842 zodiacum
485 787 532 842 est
553 779 655 854 hodie,
688 783 713 839 si
736 781 812 843 bene
834 785 969 858 memini,
993 785 1023 841 ln
1045 781 1162 860 4⁰2⁴,
1186 787 1285 860 itaque
1307 782 1359 844 Sol
1381 800 1504 844 versans
1526 785 1557 842 in
1581 787 1664 860 prin-

1 907 48 945 ‚a
87 909 101 944 :a
206 909 208 914 ·
306 871 384 946 cipio
409 869 579 946 Capricorni
601 867 994 950 habetovppeoooperoarru
1009 870 1131 949 madum
1154 873 1336 949 sequuturis,
1362 869 1525 947 quadrante
1548 870 1664 931 d'mtau-

68 959 72 972 '
102 949 106 958 ’
265 993 267 1002 1
305 964 364 1018 tem
389 974 710 1034 aoeppeoovpaeovsu
742 959 834 1034 ipsius
856 958 974 1035 polaris.
1020 957 1104 1020 Haec
1135 977 1201 1020 eom
1232 959 1281 1020 vel
1313 961 1495 1036 ignoraverit
1525 958 1575 1018 rel
1605 977 1661 1018 non

303 1043 478 1124 cogitaverit
501 1042 649 1120 scaliger,
680 1043 790 1104 latente
822 1063 891 1106 vera
913 1047 1051 1108 methodo
1074 1047 1239 1124 inquirendi
1262 1045 1407 1107 intervalli
1431 1046 1663 1124 interpolatam

304 1139 334 1193 et
356 1132 466 1210 polum,
491 1130 567 1206 vida,
592 1147 681 1208 quam
704 1133 863 1194 substituat
885 1131 997 1210 ἀπορον
1018 1140 1156 1209 peuense.
1203 1133 1326 1211 „Periti,
1356 1135 1468 1210 inquit,
1500 1133 1662 1194 observant

303 1219 375 1294 hoc,
406 1219 548 1280 relatione
578 1219 657 1279 lacta
680 1218 718 1278 ad
741 1219 856 1297 Vigiles
878 1221 912 1296 F,
936 1221 993 1296 E“,
1016 1229 1046 1282 et
1067 1223 1157 1300 paulo
1179 1231 1263 1301 post:
1297 1221 1443 1298 „denique
1466 1227 1531 1280 tam
1554 1223 1662 1282 turrira
1697 1285 1698 1288 ,

304 1313 348 1368 est
370 1305 450 1366 iilius
473 1305 580 1366 circelli
604 1309 774 1394 conversio,
803 1315 836 1368 ut
859 1308 896 1368 ad
920 1308 1195 1386 deprehendendum
1224 1307 1307 1368 illum
1329 1327 1403 1387 opus
1426 1312 1467 1369 sit
1488 1310 1661 1370 considera·

303 1397 382 1455 tione
411 1397 484 1453 sitos
514 1391 663 1453 stellarum
686 1395 720 1470 F,
744 1395 797 1457 E.“
843 1395 950 1456 Mirum
981 1397 1068 1474 quale
1096 1399 1253 1472 somnium,
1284 1413 1339 1457 uec
1362 1413 1416 1474 ego
1448 1396 1582 1457 discutio
1605 1397 1656 1456 has

303 1482 447 1542 tenebras.
493 1481 558 1555 Dic,
583 1482 730 1558 quomodo
753 1485 828 1542 situs
851 1483 1002 1544 stellarum
1023 1485 1098 1558 RE
1121 1485 1226 1563 prodat
1248 1486 1443 1561 quantitatem
1468 1485 1584 1546 circelli
1604 1501 1658 1562 po·

303 1569 395 1629 laris?
443 1569 567 1650 „Nam“,
590 1571 701 1645 inquit,
727 1587 813 1646 „eum
836 1572 860 1630 F
883 1571 970 1632 fuerit
992 1575 1068 1632 cirea
1090 1572 1211 1650 aliquod
1233 1579 1373 1649 puuctum
1396 1571 1569 1648 cardinale,
1601 1581 1659 1632 tum
1697 1581 1698 1584 ’

303 1659 407 1730 seiont,
430 1659 461 1716 in
485 1673 544 1733 qua
565 1665 648 1733 parte
672 1657 773 1717 circuli
794 1661 892 1735 posits
914 1661 953 1718 eit
975 1659 1060 1720 stella
1084 1657 1142 1720 Cr.“
1188 1661 1345 1738 Nunquam
1368 1677 1437 1736 argo
1462 1660 1524 1720 hdo
1554 1663 1657 1732 sciunt,

303 1745 372 1823 quia
396 1746 471 1805 intra
492 1742 586 1804 mnlta
607 1743 707 1804 secula
729 1745 753 1804 F
776 1763 835 1805 non
858 1749 982 1807 venitin
999 1755 1173 1824 punctorum
1188 1747 1380 1808 cardinalium
1396 1765 1500 1807 unum.
1542 1747 1660 1807 :tutilo

303 1841 343 1910 tu,
369 1830 440 1908 quid
462 1830 537 1892 velie
560 1832 614 1891 tibi
636 1849 688 1909 per
705 1839 846 1909 puuctum
862 1833 1030 1914 cardinale?
1059 1836 1167 1910 Pallor,
1191 1853 1228 1895 an
1244 1837 1372 1896 somniat
1385 1833 1533 1912 Scaliger,
1557 1837 1657 1894 somnii

302 1936 407 1980 causas
431 1936 468 1982 cx
488 1919 545 1979 hac
569 1936 638 1980 vera
661 1918 793 1981 doctriua
816 1920 978 1997 deducens,
1011 1939 1075 1982 cum
1098 1923 1209 2000 polaris
1237 1925 1303 2000 ipsa
1331 1925 1371 1982 sit
1397 1940 1493 2000 prope
1517 1928 1658 1999 puuctum
1697 1921 1698 1924 ’

301 2005 465 2082 cardinale,
496 2006 562 2066 ideo
585 2006 685 2068 Solem
714 2006 903 2092 constitutum
929 2011 958 2066 in
982 2005 1048 2070 alio'
1064 2018 1173 2088 puncto
1197 2010 1352 2084 cardinali,
1384 2027 1425 2074 se
1454 2012 1486 2068 in
1516 2012 1658 2087 principio

45 2087 58 2108 '¹
131 2121 136 2130 ·
246 2149 247 2156 ,
301 2093 484 2173 Capricorni,
506 2093 644 2174 detegere
666 2096 752 2156 noble
774 2096 862 2158 horas
886 2103 1065 2173 opportunas
1088 2098 1289 2159 observandas
1311 2097 1421 2175 polaris
1443 2097 1613 2158 ultirsaimae
1633 2103 1660 2157 et

0 2174 22 2219 7
67 2213 86 2242 r,
180 2235 182 2244 ,
300 2182 504 2243 humillimae?
527 2182 589 2242 Ant
609 2182 740 2260 loquitur
754 2182 791 2244 de
805 2185 903 2245 nautis
926 2186 1002 2258 suis,
1027 2188 1077 2262 qui
1100 2203 1165 2246 com
1189 2187 1218 2243 iu
1234 2187 1304 2248 navi
1326 2201 1385 2245 nou
1407 2188 1528 2263 possint
1552 2187 1661 2246 cousti-
1697 2213 1698 2216 ¹

93 2337 94 2344 ἵ
300 2279 382 2332 tuere
404 2269 513 2330 lineam
527 2269 718 2330 meridianam
733 2274 864 2332 exactius
879 2287 967 2349 quam
983 2289 1034 2349 per
1047 2273 1191 2350 lingulam
1205 2276 1401 2352 magneticam
1417 2289 1529 2348 masse,
1554 2273 1660 2333 habant

23 2335 90 2422 ,Ji
117 2405 118 2414 ,
152 2411 154 2418 ,
203 2415 205 2420 χ
304 2360 392 2436 igitur
413 2375 469 2419 sua
490 2359 576 2435 signa
598 2361 628 2418 in
643 2361 701 2418 situ
722 2359 819 2420 lineae
834 2376 886 2436 per
901 2358 1002 2420 stellas
1017 2361 1052 2434 F,
1067 2361 1102 2436 Ε,
1125 2360 1249 2438 Vigiles,
1274 2379 1309 2420 ax
1325 2377 1383 2436 quo
1407 2361 1515 2434 sciunt,
1544 2359 1661 2438 quando

41 2449 71 2520 1.,
304 2447 413 2524 polaris
436 2447 467 2504 in
490 2447 656 2506 summitate
680 2447 718 2507 sit
740 2447 865 2522 circelli,
894 2453 945 2508 aut
968 2449 998 2505 in
1028 2450 1104 2522 imo,
1132 2457 1185 2508 aut
1206 2451 1236 2507 iu
1257 2448 1400 2508 latoribus
1421 2447 1552 2525 madiIs;
1582 2448 1661 2509 verbi

0 2544 15 2627 J
41 2535 52 2612 ζ
79 2531 101 2616 ἦ·
196 2559 197 2564 ¹
305 2549 396 2594 causa
417 2535 443 2592 ei
465 2531 545 2593 linea
566 2532 619 2592 illa
641 2539 699 2593 stat
721 2541 825 2608 erecta,
849 2541 900 2594 aut
922 2536 947 2593 si
970 2537 1009 2594 eit
1031 2535 1175 2597 horizonti
1198 2535 1350 2614 parallelo.
1388 2535 1466 2596 Nam
1491 2536 1531 2596 de
1548 2535 1660 2596 duabus

0 2700 2 2707 Ι
29 2667 56 2704 ,.
298 2620 408 2681 ultimis
435 2621 506 2680 rotis
529 2620 566 2694 A,
591 2619 613 2678 C
643 2637 746 2681 verum
775 2630 834 2696 est,
864 2621 942 2698 quod
965 2623 990 2682 si
1012 2621 1091 2684 linea
1112 2623 1230 2684 illarum
1259 2625 1299 2684 sit
1326 2621 1470 2700 parallelo
1501 2623 1660 2697 horisonti,

97 2735 104 2750 ·*
199 2715 200 2718 ’
300 2707 410 2786 polaris
434 2708 472 2768 sit
493 2708 554 2768 sera
576 2709 607 2765 in
629 2708 799 2772 meridiano.

100 2805 102 2812 ·
163 2785 169 2792 “
406 2795 498 2870 (nota
520 2812 557 2854 ex
578 2793 628 2857 rot.
654 2800 709 2856 aa:
733 2799 867 2855 aurosus
885 2799 1079 2856 phaenomena
1104 2801 1474 2872 conpraehensum
1500 2801 1577 2858 :aas
1601 2812 1662 2858 me

306 2877 405 2934 Christi
423 2877 492 2933 1599
511 2877 688 2933 desinentem.
724 2879 792 2932 Post
809 2876 956 2933 Eudoxum
973 2879 1027 2936 tto
1045 2879 1122 2934 anuis
1141 2881 1341 2936 Eratosthenes
1359 2879 1401 2935 01.
1421 2879 1621 2948 CXXXVIII.)

403 2952 469 3012 Ful.
503 2958 559 3013 30:
591 2957 629 3012 Et
647 2956 720 3027 quod
738 2957 859 3026 (Cicero)
879 2955 948 3011 dirrit
967 2959 1101 3023 ,mamma
1118 2959 1230 3028 altamt,
1249 2974 1329 3014 namo
1349 2958 1476 3014 dubitare
1495 2967 1611 3030 potest,
1630 2974 1660 3013 ao

298 3033 513 3090 horealisaimum
536 3035 679 3105 designari.
719 3032 812 3092 Nemo
836 3049 917 3105 saue,
940 3049 1008 3092 nam
1032 3033 1161 3109 loquitur
1183 3035 1286 3106 Cicero
1309 3032 1346 3094 de
1369 3050 1424 3108 eo,
1446 3033 1528 3110 quod
1554 3034 1660 3096 etahaa

300 3125 412 3180 ceterae
436 3134 537 3179 omnes
558 3117 633 3178 liant
655 3119 839 3194 humiliores,
868 3119 942 3179 haec
969 3136 1118 3196 nunquam
1142 3120 1217 3182 adeo
1238 3120 1374 3197 humilla,
1404 3126 1438 3182 ut
1467 3127 1593 3184 ceterae
1617 3126 1659 3182 in·

299 3205 421 3268 tardum.
466 3205 524 3265 Dic
552 3222 624 3266 varo
653 3211 686 3265 tu
711 3205 843 3284 Scaliger
870 3223 989 3268 oausam
1019 3210 1078 3267 tuis
1109 3209 1220 3268 verbis!
1267 3208 1372 3286 ,Quae
1395 3205 1511 3284 eoim“,
1549 3213 1660 3288 inquis,

300 3292 434 3370 „altiora
459 3310 495 3355 ea
517 3292 587 3370 polo
609 3295 745 3372 proptera
768 3311 862 3371 eaque
885 3294 1081 3355 borealtora“.
1111 3293 1255 3356 Omnibus
1278 3297 1415 3374 passibus
1439 3295 1580 3374 Scaliger
1605 3299 1659 3358 ito·

299 3384 401 3459 pingit
446 3379 522 3440 Nam
553 3380 610 3441 hoo
639 3380 842 3443 tautummodo
875 3381 911 3442 de
942 3383 979 3441 iis
1010 3382 1214 3443 altitudinibus
1248 3391 1294 3444 est
1327 3401 1444 3457 verum,
1475 3401 1559 3462 quae
1593 3394 1659 3446 sunt

299 3471 425 3530 minores
448 3466 603 3528 altitudine
625 3468 695 3545 poli,
719 3468 755 3531 ds
777 3469 897 3546 reliquis
919 3486 999 3544 vero,
1023 3486 1099 3546 quae
1113 3477 1253 3548 superant
1274 3469 1459 3532 altitudinem
1473 3471 1550 3550 poli,
1577 3492 1658 3534 sum·

302 3565 350 3618 tae
372 3557 403 3614 in
426 3555 515 3632 plaga
538 3555 608 3632 poli,
635 3573 734 3617 rerum
757 3565 802 3618 ast
824 3559 1006 3618 eontrarium.

404 3642 533 3704 Ibidem:
559 3646 631 3702 Ante
656 3661 742 3704 annos
761 3649 831 3706 1966
854 3648 934 3704 stella
952 3647 976 3701 G
993 3647 1180 3705 borealissima
1203 3647 1256 3704 luit
1279 3648 1538 3710 totiuslasterismi.
1586 3650 1660 3709 Por·

302 3739 399 3808 tusam
428 3729 481 3792 scd
503 3727 637 3790 vIdeatur
659 3729 860 3809 Hipparchus,
892 3749 930 3790 en
953 3747 1012 3792 nou
1034 3729 1131 3807 illam,
1161 3749 1237 3808 quae
1265 3750 1332 3794 cum
1354 3735 1412 3796 hac
1435 3741 1465 3795 et
1485 3735 1561 3813 polo
1593 3738 1660 3798 iad:

297 3839 433 3898 τριγωνον
454 3817 637 3894 iconienpov,
660 3818 749 3878 laelat
769 3819 859 3897 paulo
883 3818 1082 3880 borealiorem.
1121 3819 1206 3880 Certa
1229 3820 1310 3897 quod
1332 3829 1403 3884 tuuc
1423 3839 1482 3882 non
1506 3825 1578 3898 tuit,
1604 3843 1656 3902 po·

298 3909 356 3967 tuit
378 3922 443 3966 esse
465 3905 645 3982 temporibus
667 3907 897 3982 antiquioribus,
925 3913 958 3966 ut
980 3906 1081 3984 aliqua
1108 3907 1197 3967 tuerit
1220 3909 1378 3970 horeulior.
1424 3909 1542 3986 Pergit:
1575 3917 1657 3972 heda

298 3997 380 4054 otiam
402 3995 591 4052 borealIssima
613 4003 664 4052 est.
709 3993 854 4057 Concedo.
897 3993 1011 4070 Pergit:
1035 3998 1112 4053 Tune
1126 3999 1262 4068 eratpolo
1275 3999 1450 4056 uemhsima.
1490 3997 1562 4060 Hoc
1578 4019 1659 4062 com·
1697 4025 1698 4050 ι

297 4087 401 4160 parate
430 4096 543 4143 verum.
595 4077 732 4140 Omnium
755 4097 795 4142 ea
826 4083 855 4140 in
884 4083 1037 4142 asterismo
1067 4083 1219 4144 stellarum
1248 4084 1321 4144 haee
1352 4087 1409 4146 init
1438 4086 1658 4150 borealiasima.

299 4167 389 4248 (Vide
412 4165 621 4243 Alphonsum.)
665 4169 778 4248 Pergit:
802 4176 832 4227 ut
853 4171 936 4227 hodie
958 4173 1040 4228 etlam
1062 4173 1284 4244 deprehenditur.
1326 4173 1411 4235 ilaec
1437 4175 1501 4252 jam
1533 4193 1658 4255 compa·

298 4257 375 4315 ratio
398 4253 475 4315 laisa
498 4261 551 4316 est.
589 4255 665 4315 Nam
680 4255 767 4316 hodie
788 4273 847 4316 non
870 4263 984 4319 tantum
999 4267 1166 4336 comparate
1189 4259 1228 4321 ad
1242 4260 1345 4321 stellas
1369 4268 1484 4323 ceteras
1500 4268 1658 4338 asteriam,

302 4343 356 4403 aad
380 4344 468 4402 etiam
491 4343 665 4402 sensualiter
687 4345 867 4404 vicinissime
888 4353 933 4405 est
953 4345 1033 4422 polo,
1056 4363 1111 4408 nae
1133 4345 1219 4409 valde
1242 4347 1490 4410 animadvertitur
1514 4353 1582 4430 ejus
1607 4372 1658 4414 va-

301 4431 386 4490 riatio
409 4427 588 4504 altitudiuia3
621 4427 748 4507 denique
774 4430 862 4492 hodia
884 4433 980 4493 minus
1009 4431 1044 4494 3⁰
1067 4433 1157 4496 distat
1176 4453 1195 4495 a
1217 4436 1304 4513 polo,
1337 4444 1409 4499 tuno
1440 4455 1515 4501 vero
1541 4440 1658 4520 longius

305 4516 434 4578 distabat
457 4523 487 4576 st
508 4517 634 4577 variatio
657 4517 721 4594 ejus
744 4515 907 4580 altitudinis
929 4538 1017 4582 sensu
1038 4523 1135 4598 potuit
1157 4521 1346 4604 deprehendi.

402 4603 516 4680 Pergit:
546 4607 621 4677 Ergo
644 4605 724 4662 stella
743 4609 767 4663 G
784 4609 846 4668 loco
868 4627 918 4668 suo
943 4620 1162 4682 metanoeam,
1190 4613 1234 4672 sic
1267 4611 1403 4690 quIde‘m,
1438 4619 1473 4674 ut
1507 4618 1657 4678 incesserit

299 4689 355 4750 sub
377 4689 520 4768 parallelo
544 4689 710 4767 eclipticas:
742 4689 778 4753 de
799 4692 856 4756 hoe
878 4696 956 4758 hona
979 4705 1024 4758 est
1045 4697 1157 4776 illatio,
1187 4697 1241 4761 aad
1263 4700 1372 4762 laisum
1394 4703 1587 4768 antecedens.
1632 4705 1657 4766 d
1697 4695 1698 4738 ss

297 4775 391 4838 videri
414 4779 490 4838 onim
513 4775 552 4838 ad
574 4793 648 4854 esso,
671 4777 728 4842 hoc
750 4787 796 4842 est
817 4782 855 4842 ab
877 4785 1094 4848 existimatione
1116 4805 1217 4850 crassa
1239 4788 1279 4848 ad
1302 4788 1520 4856 dimensionem
1535 4811 1658 4856 secura·

298 4868 360 4926 tam
382 4861 455 4926 ulhil
476 4864 617 4941 sequitur.
1697 4871 1698 4874 ’
