3398 5426
299 377 364 448 272
441 357 452 385 '
658 377 832 436 Collectanca
847 393 883 435 ax
900 377 1040 436 codicibus
1057 377 1288 436 Puliorieusibus.

118 575 149 624 ’,
204 627 205 630 ¹
300 556 492 634 quadriennia
514 557 645 633 abirent,
678 565 753 636 quot
773 559 957 622 sufficiebant
978 558 1016 620 44
1039 559 1256 624 Mercedonium
1280 560 1394 637 justum
1417 557 1522 618 diebus
1544 571 1650 632 super-

299 647 365 705 fluis
388 645 637 722 constituendum
663 653 680 706 6
698 646 891 724 quadriennia
913 665 966 708 seu
988 652 1056 708 anni
1073 655 1114 710 24
1129 649 1250 709 totidem
1274 649 1337 708 dica
1350 646 1515 726 superfluos
1530 644 1649 716 habent,

298 741 380 792 sexto
404 735 504 809 itaque
527 731 717 810 quadriennio
740 753 792 812 pro
816 739 911 813 priore
926 736 1115 797 Meroodonio
1131 736 1349 798 Mercedonium
1372 737 1566 814 posteriorem
1590 729 1651 790 die-

298 837 361 880 rum
386 827 425 882 26
450 823 627 896 omiserunt,
658 822 787 899 itemquo
810 831 840 883 et
862 825 964 901 quinto
987 824 1178 900 quadriennio
1201 843 1253 902 pro
1276 827 1437 902 posteriore
1459 819 1649 882 Mercedonio

299 907 476 983 nanterum,
501 915 540 968 22
558 918 670 970 tantum
695 909 756 970 dies
780 911 1001 972 intercalabant.
1038 912 1112 972 Inde
1136 915 1222 991 igitur
1245 921 1315 974 nata
1338 920 1382 973 est
1396 912 1532 972 Romanu
1552 910 1649 986 perio·

298 995 358 1081 dus,
376 1003 417 1057 24
441 1014 592 1072 annorum,
617 1015 706 1075 quam
728 998 833 1058 Livius
855 999 969 1060 Numae
992 997 1140 1060 adscribit.
1697 1077 1698 1080 Ἴ

402 1083 493 1143 Porro
524 1083 706 1145 intercalatio
738 1089 832 1146 omnis
856 1086 893 1146 ad
917 1087 1136 1164 exprimendum
1159 1105 1273 1147 cursum
1295 1085 1426 1146 lunarem
1449 1093 1493 1146 est
1518 1087 1646 1154 inventa,

298 1169 425 1232 Romani
449 1187 519 1232 vero
542 1173 626 1233 annis
649 1173 707 1232 iilis
732 1179 772 1234 24
796 1173 895 1234 Solem
920 1174 1038 1252 quidem
1061 1177 1305 1252 assequebantur,
1330 1174 1382 1235 sed
1404 1174 1520 1234 Lunam
1543 1172 1650 1232 4444444

275 1260 485 1326 ‚amittebant
530 1259 657 1338 Propius
681 1264 757 1322 enim
781 1261 926 1339 quadrant
947 1263 1050 1322 Lunae
1073 1263 1111 1323 ad
1133 1262 1211 1323 Solis
1237 1265 1365 1323 rationes
1388 1265 1471 1322 annis
1496 1267 1539 1321 19
1565 1275 1650 1335 qnam

299 1349 384 1408 annis
409 1354 460 1424 24.
497 1347 531 1407 Id
554 1348 604 1408 ubi
620 1351 758 1425 pensitari
782 1359 918 1428 coeptum
940 1357 992 1424 cst,
1017 1350 1134 1411 tandem
1158 1351 1231 1411 hacc
1252 1349 1443 1412 intercalandi
1458 1350 1536 1409 ratio
1551 1348 1650 1424 ponti·

297 1435 383 1495 licum
407 1435 530 1512 collegio
554 1439 647 1496 omnis
669 1439 812 1514 permissa
834 1445 893 1512 est,
924 1445 956 1498 ut
979 1455 1044 1499 cum
1074 1455 1148 1516 opus
1179 1455 1245 1500 esse
1275 1437 1422 1499 videretur
1451 1453 1505 1496 suo
1531 1435 1647 1495 arbitrio
1696 1431 1698 1442 '

301 1523 516 1584 intercalarent.
548 1521 625 1584 Hinc
644 1524 706 1601 jam
727 1532 810 1586 tants
825 1525 951 1586 Romani
974 1531 1112 1603 temporis
1136 1527 1268 1587 contusio
1290 1533 1474 1599 secuisset,
1508 1534 1647 1600 quautam

299 1611 338 1670 ab
361 1613 470 1688 ignaris
492 1614 688 1673 astronomiae
718 1611 845 1690 odioque
868 1613 917 1674 rel
946 1613 1059 1677 invidia
1087 1617 1310 1691 magistratuum
1333 1611 1395 1696 (qui
1417 1611 1528 1674 aemuli
1557 1608 1647 1684 crant)

0 1674 105 1763 ’,ῘΓΪ
122 1677 129 1754 ζ
186 1695 187 1698 ’
298 1698 489 1775 flagrantibus
511 1701 657 1762 invectam
679 1717 744 1762 esse
766 1719 819 1778 par
842 1709 903 1776 est,
931 1709 964 1761 ut
984 1719 1121 1763 successu
1144 1703 1282 1779 temporis
1304 1719 1419 1763 menses
1446 1700 1568 1779 penitus
1591 1699 1647 1756 suis

299 1785 418 1848 sedibus
441 1795 569 1848 errarent
590 1789 787 1866 Martiusque,
811 1804 918 1850 vernus
948 1791 1069 1864 mensis,
1101 1793 1131 1848 in
1154 1789 1278 1850 mediam
1309 1789 1436 1850 hiemem
1462 1793 1646 1864 competeret

301 1873 384 1934 Adeo
407 1875 432 1934 si
455 1876 526 1952 quid
549 1875 693 1936 commodi
717 1877 826 1937 Caesar
853 1877 939 1937 rebus
961 1876 1102 1938 Romanis
1129 1879 1241 1951 attulit,
1272 1877 1328 1938 boc
1355 1885 1433 1939 certe
1462 1877 1647 1953 potissimum

297 1970 352 2036 444,
377 1961 455 2038 quod
479 1965 700 2024 vitiosissimum
725 1981 832 2024 annum
856 1963 1031 2026 emendavit.
1070 1965 1138 2025 Jam
1161 1965 1272 2042 pridem
1295 1971 1393 2026 autem
1416 1981 1488 2024 usus
1510 1964 1648 2023 obtinue-

296 2057 351 2124 rat,
375 2057 409 2109 ut
431 2053 501 2126 quia
516 2051 659 2113 Consules
681 2055 883 2129 magistratum
906 2053 1018 2113 inibant
1042 2051 1178 2113 Calendis
1193 2052 1359 2127 Januariis,
1382 2053 1438 2112 hoc
1460 2058 1554 2128 caput
1576 2049 1647 2120 euni,
1697 2103 1698 2108 ,

296 2135 404 2198 Martio
426 2138 571 2216 neglecto,
595 2147 768 2201 censeretur.
808 2140 918 2200 Cacsar
939 2141 1029 2216 igitur
1050 2155 1086 2201 eo
1109 2157 1195 2216 anno,
1220 2158 1307 2218 quem
1328 2141 1515 2218 4444444442
1531 2151 1649 2199 muro
1697 2199 1698 2202 ,

296 2224 461 2302 appellant,
494 2227 577 2302 cujus
607 2245 705 2288 mense
726 2228 888 2290 Februario
913 2228 976 2304 jam
1005 2235 1067 2288 erat
1096 2245 1175 2289 more
1207 2229 1299 2289 veteri
1320 2228 1543 2301 intercalatum,
1576 2227 1646 2284 inter
1696 2237 1698 2288 ;

172 2367 208 2398 ζ,
296 2313 492 2374 Nouembrem
516 2320 544 2374 et
559 2313 751 2376 Decembrem
775 2315 923 2390 (ultimum
945 2333 981 2376 eo
1004 2323 1135 2392 tempore
1150 2315 1292 2392 mensem)
1318 2322 1356 2377 ct
1374 2315 1437 2376 dica
1459 2313 1539 2374 ultra
1561 2317 1647 2372 inter·

3 2400 114 2500 J
185 2455 186 2458 ,
297 2400 415 2476 calarit,
438 2407 471 2461 ut
493 2419 607 2462 summa
629 2403 693 2479 ejus
715 2405 784 2462 anni
807 2402 917 2465 dierum
941 2405 1112 2476 44444444,
1137 2421 1194 2480 quo
1218 2404 1379 2464 lanuarias
1401 2401 1570 2475 Calendae,
1592 2399 1646 2462 sei-

295 2486 364 2546 licet
386 2491 455 2548 anni
478 2498 575 2566 caput,
600 2491 630 2550 in
653 2491 785 2550 brumam
808 2499 838 2550 ct
862 2491 948 2573 8οᾗ
976 2490 1125 2567 incideret,
1149 2509 1208 2568 quo
1231 2493 1296 2552 loco
1313 2490 1365 2552 Sol
1379 2511 1490 2570 sponna
1504 2488 1644 2550 conficere

298 2577 528 2636 existimabatur.
573 2574 671 2654 thue
694 2593 787 2637 annus
810 2595 896 2656 porro
919 2579 976 2638 sibi
999 2581 1055 2656 ipsi
1078 2587 1220 2656 perpetuo
1243 2585 1374 2639 maneret
1394 2577 1539 2655 aequalis,
1563 2576 1645 2634 luna·
1697 2643 1698 2650 ,

296 2677 356 2722 rem
380 2680 509 2739 cursum,
540 2666 646 2741 utqui
669 2665 915 2743 semperaliquid
939 2669 1008 2726 novi
1032 2667 1160 2740 afferret,
1190 2669 1306 2744 penitus
1329 2665 1458 2743 neglexit
1480 2677 1645 2739 annumque
1696 2669 1698 2740 ξ

297 2766 411 2810 omnem
435 2752 472 2811 ad
496 2750 595 2813 Solem
617 2752 861 2813 accommodavit.
906 2753 960 2814 Est
982 2761 1080 2814 autem
1110 2754 1214 2814 solaria
1245 2761 1277 2814 ut
1307 2753 1415 2815 dictum
1440 2759 1503 2815 665
1527 2751 1645 2822 dierum,

278 2835 406 2898 lunaris
438 2847 501 2900 erat
532 2847 644 2900 tantum
669 2845 731 2901 366
754 2841 880 2915 dierum,
913 2849 1052 2918 superant
1081 2849 1120 2902 10
1144 2841 1206 2902 dica
1239 2845 1268 2902 in
1299 2859 1413 2902 menses
1442 2837 1642 2901 distribuendi.

4 2944 27 2971 a
88 2937 90 2944 “
192 2949 195 2956 ·
296 2923 406 2986 Caesar
438 2927 630 2988 Februarium
659 2930 859 3005 superstitioni
890 2935 1020 2990 veterum
1052 2930 1184 3007 reliquit,
1214 2930 1333 3006 reliquis
1364 2935 1477 3007 septem
1508 2928 1643 2988 brevibus
1696 2929 1698 2980 ῐ

129 3825 131 3838 “
234 3871 237 3880 =
345 3850 656 3904 as.-ao.-sr.

294 3015 454 3089 mensibus,
479 3016 529 3091 qui
553 3022 593 3075 29
618 3015 729 3076 dierunt
753 3022 848 3090 erant,
879 3017 1002 3093 singulis
1034 3035 1123 3082 unum
1152 3018 1228 3078 diem
1253 3016 1381 3094 adjecit3
1408 3018 1465 3092 qui
1496 3016 1645 3076 restabant
1696 2999 1698 3064 f

292 3107 359 3177 tres,
383 3118 434 3164 eos
456 3104 498 3163 ita
521 3101 683 3178 distribuit,
706 3111 739 3164 ut
761 3105 904 3162 meusium
927 3104 1098 3165 vicissitudo
1114 3113 1205 3181 44444,
1236 3104 1334 3181 quoad
1356 3105 1420 3181 ejus
1450 3103 1514 3163 fieri
1535 3111 1643 3180 posset,
1697 3107 1698 3112 ’

708 3185 816 3251 relictis
839 3199 937 3252 tamen
960 3194 1048 3252 etiam
1072 3201 1198 3270 quatuor
1218 3193 1363 3270 prioribus
1387 3194 1490 3252 auctis.
1529 3190 1643 3250 Tertius
1696 3211 1698 3268 f

493 3261 687 3354 Q
707 3281 797 3356 igitur
819 3279 856 3339 ab
881 3277 1010 3354 Octobri,
1034 3281 1205 3356 December,-
1230 3286 1260 3340 et
1281 3281 1383 3340 tertius
1411 3285 1479 3340 ante
1495 3277 1641 3351 Martium,

505 3359 529 3408 ⁷·
635 3359 661 3412 ⁸·
708 3365 877 3437 Januarius,
900 3367 1032 3446 singulos
1059 3384 1213 3446 suscepere
1235 3367 1313 3442 (bes,
1337 3375 1485 3428 4444444
1508 3369 1643 3442 utrinque
1696 3415 1698 3424 .

346 3427 441 3546 {Q
486 3428 530 3547 ἐξ·
550 3456 580 3465 ”“
618 3431 660 3479 ³¹·
709 3452 803 3531 plenis
826 3453 1018 3515 clauderetur.
1054 3454 1164 3516 Unicus
1186 3455 1325 3528 restabat,
1348 3471 1446 3531 aequa
1466 3455 1583 3514 ratione
1600 3451 1643 3512 rel
1696 3513 1698 3542 Ἰ

346 3531 389 3620 31:
407 3532 450 3618 31.
487 3536 529 3617 at:
710 3541 802 3601 Junio
825 3540 874 3602 vel
896 3541 1025 3618 Quintili
1048 3549 1225 3620 competens,
1249 3559 1338 3619 quem
1361 3541 1498 3603 credibile
1522 3549 1570 3602 eat
1593 3559 1641 3600 na·
1697 3597 1698 3602 ,

345 3639 387 3687 aa.
408 3661 442 3674 -
487 3641 530 3689 ao.
710 3629 806 3688 talitio
829 3645 893 3704 444,
918 3629 1050 3706 Quintili,
1073 3631 1267 3708 gratificatum
1291 3647 1365 3704 esse,
1389 3632 1435 3690 cui
1457 3630 1643 3707 postmodun
1697 3667 1698 3704 ,

346 3710 388 3758 ³¹·
408 3709 451 3761 ³¹·
489 3710 530 3758 3¹·
711 3718 799 3776 etiam
828 3733 933 3777 nomeu
963 3719 993 3776 in
1015 3717 1128 3778 Julium
1157 3719 1212 3778 init
1242 3725 1400 3792 mutatum,
1433 3726 1465 3778 ut
1486 3715 1596 3778 Sextili
1616 3718 1641 3774 in
1696 3725 1698 3774 ἰ

346 3780 387 3828 ²⁹·
410 3803 438 3815 ““
485 3781 526 3830 ³⁰·
712 3803 888 3880 Augustum.
934 3804 1039 3866 Cetera
1061 3806 1178 3884 reliquit
1198 3805 1352 3881 inviolata,
1376 3823 1428 3866 sex
1449 3805 1567 3880 Nonas,
1597 3805 1641 3864 ubi
1697 3795 1698 3834 ³

346 3921 389 3972 st.
410 3921 451 3970 31,
488 3921 531 3973 31,
712 3895 846 3952 erantiu
869 3892 1170 3966 veternosissima,
1200 3893 1276 3954 diam
1305 3901 1336 3955 et
1357 3910 1486 3954 mensam
1512 3893 1640 3954 interea·
1696 3901 1698 3978 j

345 3991 389 4042 44.
410 4013 438 4026 -
488 3993 530 4042 an.
711 3977 802 4052 laudi,
827 3979 1029 4055 „terminalia“
1048 3989 1102 4043 eto.
1142 3983 1233 4040 Annis
1256 3985 1495 4058 autemisupra
1512 3985 1576 4042 365
1596 3998 1640 4041 cx·
1696 3993 1698 4054 ζ

346 4062 389 4113 ³¹·
409 4063 451 4113 3¹·
489 4064 531 4112 ³¹·
711 4067 870 4142 crescebat,
893 4074 926 4126 ut
948 4076 1049 4128 notum
1071 4076 1126 4143 est,
1149 4071 1262 4144 integer
1284 4067 1360 4142 dies,
1385 4085 1471 4145 quem
1494 4067 1542 4128 die
1565 4068 1640 4128 dicto
1695 4071 1698 4150 j

345 4132 441 4254 {gs
488 4133 531 4252 {g-
554 4227 579 4238 -
620 4203 662 4253 3¹·
707 4155 798 4229 jussit
819 4161 922 4231 quarto
947 4173 1064 4232 quoque
1087 4173 1164 4215 anno
1187 4156 1361 4231 intercalari,
1390 4157 1435 4216 bis
1459 4155 1537 4216 dicto
1560 4163 1639 4216 sexto
1697 4189 1698 4202 ι

329 4271 692 4283 --———--—-
710 4241 856 4301 calendas
872 4241 979 4316 Martii,
1003 4251 1036 4302 nt
1057 4244 1168 4304 scilicet
1190 4245 1279 4304 etiam
1301 4245 1331 4303 in
1356 4244 1412 4305 hoc
1434 4260 1466 4305 se
1489 4259 1639 4322 compars-
1696 4277 1698 4304 2

329 4293 389 4344 3⁵⁵·
412 4317 439 4330 ··
461 4293 521 4342 ³⁶²·
541 4318 574 4328 “
593 4293 655 4344 ³⁶⁵⁹
709 4335 752 4390 ret
774 4327 812 4390 ad
835 4331 1072 4407 superstitionem
1094 4339 1235 4392 veterum.
