3436 5416
607 445 851 504 thathematies.
1022 512 1026 523 ἱ
1287 461 1290 486 ²
1340 446 1402 516 175
1462 419 1475 504 Ι,

53 628 155 690 lineam
185 626 441 702 descenderemus,
464 627 669 704 cognoscendo
697 629 830 705 subjecto
860 635 889 686 at
912 627 1043 703 angulis,
1077 625 1302 686 demonstrando
1334 644 1403 686 vero

54 714 270 776 ascenderemus
290 713 422 791 nihilque
445 713 584 775 sciremus
600 715 636 776 de
652 716 804 794 sphaerico
827 717 883 774 nisi
907 732 942 774 ex
958 724 1054 792 recto;
1077 714 1129 775 sed
1152 722 1212 773 tum
1236 713 1306 791 quid
1329 731 1403 793 opus

53 811 124 864 esset
145 804 313 880 cognitione
336 802 509 880 angulorum
531 803 693 879 trianguli?
729 805 805 881 Ergo
820 806 846 863 ai
861 801 983 862 eandem
1007 805 1142 878 utrinque
1164 801 1333 862 methodum
1349 805 1403 860 'iu-
1514 796 1519 814 ‘
1640 795 1695 816 ‘

51 893 231 952 stitueremus
253 898 342 967 atque
365 893 453 951 etiam
478 889 642 951 deliniendo
664 891 887 953 ascenderemus
911 888 948 950 ad
973 887 1181 968 sphaericum?
1218 891 1258 947 At
1280 891 1403 950 aionon
1496 937 1500 950 .

52 987 123 1038 esset
151 981 267 1038 initium
290 996 309 1038 a
329 977 491 1058 sphaerico.
538 977 624 1053 Esto,
656 997 715 1040 non
738 981 776 1040 sit
799 979 989 1056 cognitionis,
1021 976 1178 1038 dummodo
1201 985 1339 1053 naturae,
1370 984 1404 1037 ut

52 1067 135 1126 etiam
156 1068 188 1124 in
211 1065 287 1126 aliis.

150 1153 188 1212 ln
210 1152 330 1229 longum
352 1151 575 1231 procederemus
591 1162 692 1215 uonna
708 1162 851 1227 naturam,
875 1155 905 1212 lu
920 1151 1012 1213 latum
1028 1151 1188 1213 seeundum
1204 1169 1277 1212 eam.
1315 1153 1403 1214 Forte

52 1248 78 1300 et
98 1243 126 1298 in
151 1239 343 1302 delinitionali
365 1243 457 1301 mixta
479 1241 656 1323 methodus?
693 1240 768 1301 Nam
791 1242 842 1301 ubi
865 1240 1175 1312 desiniematerialis,
1199 1242 1400 1317 inciperemus.

52 1325 132 1402 Quod
154 1331 212 1388 sibi
235 1330 291 1405 ipsi
313 1331 462 1402 terminus,
485 1331 642 1405 optimum,
670 1337 737 1405 post
769 1327 847 1406 quod
875 1327 1057 1405 superficiem
1084 1328 1175 1388 habat
1202 1345 1255 1405 pro
1278 1329 1400 1390 termino

51 1415 230 1490 uniformem.
269 1415 335 1475 Non
352 1415 402 1475 diu
416 1416 585 1491 procederet
599 1416 673 1476 haec
688 1419 771 1477 ratio.
801 1416 913 1476 Forsan
936 1416 1024 1492 igitur
1045 1413 1242 1492 incipiendum
1260 1433 1278 1473 a
1294 1415 1402 1492 sphae-

51 1504 116 1575 rico,
141 1501 316 1564 veniendum
340 1501 378 1562 ad
400 1503 518 1577 lineam,
540 1502 732 1580 superficiem,
756 1503 899 1580 corpora?
936 1503 1097 1563 Videamus
1122 1503 1298 1580 exemplum,
1322 1506 1403 1580 priua

54 1589 212 1651 inlatum:
237 1607 349 1667 acquae
372 1591 459 1650 bases
481 1598 510 1652 et
532 1589 703 1652 altitudines
724 1591 836 1650 iaciunt
857 1607 967 1667 aequa,
991 1592 1068 1649 inest
1089 1592 1213 1668 primum
1243 1607 1406 1668 eorumque
1494 1660 1498 1674 1
1585 1561 1592 1686 '⁴

52 1677 147 1753 planis
170 1679 246 1738 cubo
277 1687 307 1738 et
329 1677 466 1750 rhombo,
497 1687 565 1757 post
586 1678 721 1755 longiori,
745 1691 808 1738 tum
828 1677 1001 1751 rhomboidi‚
1026 1677 1234 1754 quadrangulis
1257 1686 1287 1738 et
1309 1681 1403 1737 trian-

50 1763 108 1840 guli
131 1766 275 1843 partibus.
312 1765 360 1825 lta
374 1768 399 1826 si
422 1765 507 1838 cubo,
530 1783 600 1843 ergo
616 1774 645 1826 et
659 1765 814 1844 pyramidi,
837 1767 912 1844 parti
935 1766 1011 1840 subi,
1035 1765 1118 1842 cujus
1141 1782 1207 1825 eum
1230 1767 1306 1826 cubo
1320 1769 1401 1843 prius
1433 1754 1436 1770 ⁴

6 1897 8 1908 .
52 1855 200 1929 proportio
222 1851 436 1929 investiganda.
481 1851 531 1912 Sic
557 1870 672 1930 semper
702 1853 738 1914 de
760 1863 855 1927 recto,
888 1870 927 1912 sc.
951 1870 1086 1913 mensura
1112 1855 1251 1930 primum,
1282 1852 1401 1913 atinde

55 1938 202 2014 derivatis,
225 1948 294 2017 post
315 1939 351 1999 de
374 1941 438 2017 ejus
459 1949 551 2017 parte,
576 1939 702 2018 deniqne
724 1940 762 2001 de
785 1942 954 2016 compositis
977 1941 1168 2017 expertibus.
1203 1935 1328 2018 (Valeat
1342 1940 1400 2000 ali·

51 2027 120 2102 quid
143 2029 368 2089 communicatio
390 2029 577 2088 scientiarum
601 2037 631 2089 et
654 2028 942 2104 demonstrationum,
965 2046 1019 2089 nec
1035 2029 1133 2088 omnia
1154 2031 1184 2086 in
1206 2043 1296 2087 unum
1312 2029 1402 2088 chaos

52 2130 114 2174 cum
137 2113 273 2175 Cardano
295 2109 480 2197 referantur.)
1051 2110 1056 2117 ’

153 2201 324 2264 Geometria
346 2201 462 2264 ridetur
484 2201 614 2279 profiteri
637 2203 893 2279 investigationem
916 2204 1111 2280 proportionis
1139 2203 1268 2262 omnium
1291 2218 1400 2276 eorum,

52 2305 125 2365 quae
153 2290 240 2351 aliter
269 2307 335 2350 esse
356 2307 415 2350 nou
443 2296 575 2368 possunt.
619 2286 660 2351 Ut
682 2293 711 2347 iu
735 2293 813 2350 omni
842 2290 987 2368 triangulo
1018 2291 1109 2350 tribus
1136 2291 1256 2367 positis,
1289 2289 1403 2366 reliqua

52 2393 168 2438 necesse
192 2385 237 2438 est
259 2393 333 2438 esse.
379 2377 475 2455 Saepe
506 2376 640 2436 videmus
669 2375 753 2438 aliter
780 2377 891 2454 aliquid
914 2395 1060 2438 essenon
1086 2394 1190 2454 posse,
1221 2376 1274 2436 sed
1304 2385 1401 2436 tamen

52 2467 195 2526 nescimus
216 2467 295 2524 viam
318 2482 354 2525 ao
373 2463 571 2542 perveniendi.
608 2463 780 2540 Snbjactum
803 2467 891 2542 igitur
912 2467 1091 2542 geometriae
1115 2473 1159 2525 est
1182 2467 1275 2524 omnis
1298 2464 1399 2541 figura,

55 2552 96 2610 sic
118 2551 274 2630 descripta,
297 2560 330 2612 ut
351 2553 508 2629 singularis
529 2559 644 2612 tantum
664 2553 711 2616 sit
751 2550 875 2628 Quoties
898 2555 976 2614 enim
997 2555 1039 2614 its
1054 2552 1234 2628 describitur,
1257 2559 1291 2612 ut
1305 2552 1403 2630 piures

7 2681 8 2684 ,
56 2655 117 2699 esse
137 2641 262 2718 possint,
285 2640 341 2700 sub
363 2640 544 2702 mensionem
563 2656 623 2700 non
646 2637 733 2698 cadit.

740 2727 787 2788 De
808 2726 963 2790 materiali.

740 2814 786 2875 De
809 2813 923 2875 turmali
944 2817 974 2874 in
998 2822 1102 2893 quarta
1124 2815 1222 2894 specie
1241 2813 1401 2893 qualitatis.

491 2767 699 2848 Metaphyslca
715 2729 723 2890 ἶ

151 2813 201 2875 De
222 2813 437 2892 quantitatibus

494 2899 688 2976 Geometrica,
711 2904 834 2964 scientis
854 2904 1084 2980 proportionum.

154 2987 308 3049 Hactenus
331 2986 421 3066 plana
443 2989 603 3063 rectilinea,
627 2988 794 3050 differantur
815 2993 906 3050 mixta
928 2989 1067 3051 aliorsum
1090 2996 1120 3050 et
1136 2991 1268 3050 veniatur
1291 2989 1328 3050 ad
1351 3006 1403 3051 so·
1468 3063 1473 3070 .
1588 3077 1590 3084 J

6 3147 10 3154 ²
52 3073 110 3136 lida
132 3082 221 3140 recta
264 3075 366 3136 Plauis
397 3077 487 3153 igitur
515 3078 621 3138 accidit
648 3076 828 3154 parallelitas
859 3077 1014 3156 perfectior
1037 3085 1066 3140 et
1087 3094 1244 3138 concursus
1276 3077 1402 3155 plurium

53 3179 136 3238 quam
160 3163 285 3224 duorum
308 3158 472 3241 planorum.
519 3163 679 3225 Generatio
701 3164 733 3224 fit
756 3165 896 3242 parallelo
921 3163 1025 3239 ductu,
1054 3174 1192 3243 generata
1214 3165 1286 3226 fiunt
1309 3183 1402 3241 quae-

54 3249 127 3326 dam,
151 3251 298 3328 quaedam
320 3258 410 3326 secta,
435 3252 579 3327 quaedam
602 3253 774 3329 composita.
810 3253 1021 3314 Generatorum
1043 3253 1116 3312 flunt
1139 3251 1272 3330 singulae
1288 3253 1402 3312 basium

52 3335 143 3398 lineae
168 3337 379 3416 quadrangula.
427 3337 651 3413 Perfectissima,
678 3358 754 3417 quaa
776 3349 855 3401 recto
878 3341 987 3420 angulo
1011 3350 1139 3417 atquae
1162 3341 1305 3418 quadrata
1327 3341 1402 3416 basi,

52 3434 116 3501 post
138 3444 217 3504 quae
243 3425 446 3503 quadrangula
469 3428 606 3504 oblonga,
630 3426 697 3487 inde
719 3429 881 3505 sequentia.

152 3512 281 3574 Iniretur
302 3513 403 3590 aliqua
425 3514 493 3575 talis
514 3517 602 3574 ratio:
626 3513 721 3590 lines,
744 3534 796 3593 per
818 3533 906 3593 quam
921 3513 1035 3576 ducitur
1054 3515 1163 3590 altera,
1185 3517 1211 3574 si
1233 3515 1341 3573 insistit
1363 3513 1401 3573 ad

51 3607 150 3675 rectos,
175 3601 250 3661 tiuut
270 3599 456 3677 rectangnla,
487 3619 609 3680 quorum
632 3601 765 3663 diametri
796 3602 949 3680 aequalem
977 3606 1002 3664 si
1034 3602 1166 3679 aequalis
1194 3609 1238 3662 ast
1263 3603 1400 3661 insistens

52 3685 167 3763 ducme,
191 3688 224 3748 iit
246 3687 434 3766 quadratum3
463 3692 509 3750 sin
530 3690 708 3767 inaequalis,
731 3689 763 3750 fit
786 3690 953 3768 oblongum.
999 3692 1046 3750 ab
1070 3689 1185 3766 angulis
1207 3687 1324 3766 singula
1347 3688 1402 3749 dc-

51 3776 176 3850 pendeut
207 3775 427 3854 obliquangula.
471 3777 548 3838 Nam
577 3779 602 3838 si
632 3777 765 3854 aequalis
795 3779 946 3855 subjectas
976 3779 1098 3853 insistit,
1130 3777 1163 3836 iit
1193 3795 1228 3838 ex
1256 3775 1399 3853 quadrato

51 3861 196 3938 rhombus,
219 3881 343 3941 quorum
364 3865 598 3940 perfectissimus,
622 3865 706 3942 cujus
728 3864 859 3926 alterutri
873 3869 1074 3943 oppositorum
1096 3863 1205 3924 distant
1219 3864 1318 3925 latere.
1348 3863 1401 3923 Sin

51 3950 222 4028 inaequalis,
246 3950 280 4011 lit
300 3967 335 4012 ex
351 3951 479 4030 oblongo
501 3951 703 4029 rhomboides,
727 3969 851 4031 quornm
872 3955 1123 4031 perfectissimum,
1149 3953 1231 4030 cujus
1254 3969 1312 4012 nna
1335 3951 1401 4012 dia·

51 4046 138 4101 ructor
159 4045 271 4118 aequat
292 4037 379 4100 latus.

301 4320 331 4374 ·.
379 4371 611 4458 hstitutlonum
639 4371 903 4457 Geometricarum
930 4371 1009 4458 liber
1035 4371 1076 4458 ll.
1093 4381 1110 4464 j
1137 4393 1145 4415 ·

539 4527 590 4585 De
612 4530 692 4585 ortu
713 4529 908 4598 martam.

151 4645 292 4720 Primam,
317 4643 388 4723 qnid
404 4647 442 4708 sit
456 4645 559 4724 figura,
582 4665 619 4709 ex
642 4654 746 4724 quarta
768 4649 865 4726 specie
881 4647 1040 4724 qualitatis.
1057 4677 1099 4690 —
1113 4642 1282 4705 Terminate
1303 4659 1400 4722 quau·

56 4732 135 4794 tltsts
158 4737 317 4809 quantitas.

6 4883 7 4888 ,
152 4820 250 4882 Causa
271 4819 463 4897 figurationis.
507 4817 690 4898 Magnitudo.
736 4820 833 4882 curra
861 4827 891 4881 et
911 4827 991 4884 recta
1013 4827 1042 4880 et
1063 4821 1234 4898 composita,
1258 4839 1294 4881 ex
1316 4827 1399 4880 ntra-

6 4901 8 4982 J
52 4921 106 4983 qus
135 4911 238 4972 mixta.
289 4907 388 4970 curra
416 4923 449 4969 se
478 4909 573 4988 ipsam
606 4910 750 4971 terminat
803 4907 908 4988 (Nota,
943 4909 1114 4985 quantitatis
1149 4910 1299 4988 proprium
1333 4925 1397 4971 esse
