3398 5426
615 437 666 496 111.
683 437 881 496 Astronomica.
1070 477 1073 490 ·
1359 439 1424 510 277

73 654 111 665 ..
130 618 190 679 diei
208 623 235 680 1.
252 617 376 698 Paophi,
401 619 521 681 141-
539 627 566 681 1.
583 618 687 698 Athyr,
712 624 774 680 380
791 651 832 664 -
851 625 877 683 1.
895 618 1005 680 Choiae
1020 626 1083 694 etc,
1107 622 1207 697 itaque
1222 618 1424 698 Hipparchum
1533 583 1546 688 ι,
1572 605 1578 676 s
1598 651 1648 692 ,

71 706 257 768 observande
289 708 437 769 invenisse
459 709 618 769 solstitium
640 711 670 768 in
693 707 867 768 Celenderio
890 708 1039 785 Aegyptio
1064 714 1081 768 8
1108 709 1209 769 diebus
1240 716 1309 768 ante
1333 708 1423 769 Chal-

69 796 185 856 daieam
216 799 444 856 annotationem.
488 795 570 858 ldem
602 813 671 856 vero
699 798 809 873 primus
839 799 955 870 erretur,
986 798 1071 872 signe
1100 804 1139 858 12
1165 795 1294 856 ordiendi
1323 812 1423 857 nona
1531 779 1532 782 Ἴ
1607 759 1693 880 ,Ῐζιψ

69 884 165 943 1111111
189 884 331 962 cujusque
353 883 526 960 initialibus,
549 884 602 944 sed
619 902 636 944 a
652 887 767 962 punctis
791 886 927 962 tropicis:
951 882 1114 945 Columella
1128 890 1212 945 teste.
1250 882 1423 961 Conseque-

67 972 156 1031 batur
179 973 281 1048 igitur,
310 979 343 1031 ut
364 971 514 1050 proderet,
548 989 606 1049 quo
629 979 759 1049 ternpore
783 971 923 1033 Chaldaei
954 969 1110 1030 solstitium
1138 978 1292 1045 annotent,
1324 969 1422 1032 Solem

65 1061 129 1136 jam
155 1065 173 1118 8
198 1059 330 1135 pertibus
353 1077 371 1120 a
393 1059 486 1136 gradu
509 1059 655 1120 solstitiali
687 1061 895 1137 signorumque
922 1060 1015 1119 initio.
1062 1061 1163 1134 (Forte
1195 1060 1322 1136 respexit
1343 1059 1421 1136 Hip-

67 1147 198 1224 parchus
221 1163 305 1205 snum
339 1147 522 1208 novilunium
549 1149 714 1224 proximum
742 1143 903 1227 solstitiol)
947 1146 1014 1207 Hoc
1036 1164 1195 1218 veternae
1220 1148 1357 1223 opinione
1379 1149 1421 1206 sie
1510 1171 1512 1178 ,
1580 1219 1583 1232 Ι
1626 1205 1648 1226 ,ἦ
1670 1211 1681 1226 ..

68 1237 254 1312 arripuerunt
277 1233 389 1294 Plinius
412 1244 441 1295 et
464 1234 635 1310 Columella,
660 1253 695 1295 ee
717 1237 742 1294 si
765 1242 904 1296 testatum
925 1233 1091 1311 reliquisset
1113 1234 1308 1312 Hipparchus,
1332 1233 1423 1294 Chal·
1490 1285 1495 1292 ,

10 1367 16 1374 .
70 1321 163 1383 dacos
188 1326 268 1398 ipsos
290 1339 428 1397 asserere,
452 1322 579 1383 solstitia
601 1325 630 1380 in
654 1325 767 1383 octavis
789 1323 921 1401 partibus
943 1323 1093 1398 signorum
1116 1323 1228 1383 confici.

175 1408 258 1470 Haec
280 1428 346 1470 mea
369 1417 413 1471 est
436 1413 544 1487 opinio,
568 1411 715 1488 quomodo
739 1419 802 1471 orte
825 1411 899 1472 haec
920 1409 1120 1471 Romanorum
1141 1412 1315 1488 scriptorum
1337 1425 1421 1469 essa·
1530 1437 1532 1448 1

68 1499 194 1557 veratio.
233 1496 368 1560 Secunda
390 1500 465 1558 ratio
489 1499 613 1558 sitista.
650 1499 752 1559 Posito
776 1498 855 1576 quod
877 1501 934 1576 ipsi
958 1497 1099 1559 Chaldaei
1123 1497 1159 1560 de
1183 1498 1297 1559 oetavis
1319 1498 1422 1574 siguo-

68 1603 133 1644 rum
155 1585 289 1663 partibus
313 1585 419 1645 luerint
434 1585 532 1660 locuti,
558 1585 712 1646 dicendum
727 1595 812 1658 esset,
837 1585 904 1645 illos
927 1584 962 1646 de
978 1584 1132 1661 aedicere,
1157 1586 1274 1662 quando
1296 1587 1422 1663 primum
1507 1613 1510 1624 ¹·
1606 1549 1693 1686 ‘18

68 1673 371 1732 animadverterentur
401 1672 585 1736 decrementa
615 1674 745 1735 umbrae.
790 1673 826 1733 Id
848 1689 919 1734 vero
947 1672 1108 1735 secuudum
1138 1675 1233 1751 magis
1264 1679 1294 1732 at
1323 1675 1419 1732 miuus

68 1769 148 1822 esset
171 1777 282 1820 verum.

68 2025 209 2083 uectium.
255 2021 314 2085 Sed
338 2023 394 2083 hue
416 2041 474 2082 nou
499 2031 543 2083 est
565 2024 730 2084 verisimile.
777 2023 906 2100 Tempus
930 2025 1006 2084 euim
1029 2030 1161 2095 notatur,
1185 2022 1264 2098 quod
1286 2021 1419 2100 Hipper·
1459 2097 1463 2114 Ι

69 2110 155 2170 chum
178 2111 267 2188 louge
290 2113 457 2185 antecessit,
481 2110 598 2187 quando
621 2111 750 2172 nondum
773 2109 960 2172 dividebatur
975 2111 1099 2171 circulus
1123 2114 1242 2182 11860,
1266 2108 1419 2176 11111900

67 2216 93 2257 a.
119 2199 173 2258 Ch.
218 2199 311 2258 Atiert
333 2216 369 2259 ex
393 2197 557 2259 Columella
579 2199 761 2260 Reiuholdus
782 2198 857 2259 heac
879 2199 984 2258 verba:
1007 2199 1102 2261 XVI.
1122 2198 1186 2258 Cal.
1210 2196 1287 2256 Jsa.
1310 2213 1418 2258 aecen-
1471 2196 1477 2212 ‘
1535 2233 1539 2242 .
1597 2217 1618 2316 ¹¹
1644 2177 1691 2220 ‘³²‘

66 2286 141 2345 dam
164 2287 397 2362 Hipparchum,
427 2286 487 2345 IX.
511 2288 677 2347 accendam
701 2286 876 2349 Chaldaeos.
923 2283 957 2344 ld
980 2294 1051 2362 pnto
1074 2285 1335 2346 hallucinationem
1360 2285 1419 2346 Co·

65 2367 213 2446 lamellae,
238 2377 287 2449 qni
310 2391 376 2433 eum
398 2376 484 2433 sciret
501 2374 536 2434 de
553 2373 655 2435 diebus
672 2381 707 2448 8,
731 2375 838 2452 quibus
860 2381 1041 2451 postponunt
1057 2372 1197 2434 Chaldaei
1220 2373 1416 2449 aequinoctia,
1458 2367 1467 2452 j

69 2464 131 2537 ipse
156 2463 363 2539 anticipaverit
386 2461 557 2522 tantundem
580 2462 742 2539 Hipparchi
764 2463 992 2539 aequinoctium,
1016 2463 1195 2536 existimans,
1219 2460 1297 2520 hune
1318 2463 1418 2539 potius

67 2565 162 2609 errare
186 2567 318 2626 quarq
296 2545 474 2622 chaldaeos,
508 2549 556 2610 vel
579 2553 764 2625 existimans,
789 2552 1008 2627 aequinoctium
1031 2548 1165 2658 Caesaris
1187 2565 1252 2610 esee
1277 2547 1418 2610 Chaldai-

68 2654 141 2712 eurn,
167 2654 234 2696 cum
256 2643 334 2696 esset
356 2636 527 2714 Hipparchi

169 2724 248 2784 Note
271 2723 379 2800 quod
371 2743 401 2782 ru
423 2723 561 2785 methodo
579 2724 763 2802 Aegyptiace
785 2740 843 2783 uon
859 2727 1013 2786 revertitur
1036 2732 1152 2785 exortus
1176 2724 1264 2786 Canis
1285 2723 1417 2802 praecise

67 2821 132 2888 post
155 2827 245 2872 unam
269 2811 376 2872 dicru'
368 2829 398 2870 rn
421 2815 505 2872 annis
528 2820 561 2887 4,
592 2813 644 2874 aed
667 2812 757 2889 paulo
781 2813 888 2887 serius,
919 2815 995 2872 sicut
1025 2813 1153 2873 solstitia
1174 2815 1264 2890 prius.
1310 2810 1437 2889 Itaque.

68 2917 101 2959 cx
124 2901 344 2977 comparatione
371 2903 521 2977 uniusque
551 2903 593 2960 rei
623 2899 745 2960 celerius
774 2898 1015 2960 animadvertitur
1044 2902 1173 2961 brevitas
1201 2901 1270 2960 euni
1300 2899 1415 2977 tropici,

66 2985 223 3065 longitudo
245 2987 359 3048 siderei.
406 2985 520 3048 Oscitat
542 2988 590 3048 hie
613 2985 734 3047 Clarius
757 2992 785 3047 iu
809 2987 1021 3049 Emendatioue
1045 2987 1221 3048 Calendarli.

170 3073 317 3137 Celendas
348 3077 491 3136 mensium
521 3074 592 3136 eJ.
617 3074 743 3137 Caesare
772 3080 844 3153 puto
875 3075 1111 3137 accommodatae
1141 3076 1232 3137 tuisse
1262 3076 1417 3136 momentis

68 3165 201 3240 tropicis,
233 3164 271 3222 ab
294 3163 417 3225 Eudoxo
441 3163 489 3224 vel
512 3163 571 3224 elio
596 3162 696 3239 aliquo
720 3162 758 3224 ab
781 3161 990 3242 Olympiadem
1014 3166 1098 3224 initio
1121 3165 1278 3227 arcessitis.
1323 3163 1416 3240 Igitur

67 3268 184 3324 rerum,
216 3250 293 3327 quod
315 3253 410 3329 pergit
432 3251 576 3311 affirmare
599 3250 743 3328 Scaliger:
767 3255 848 3311 Initio
867 3257 939 3311 enim
957 3256 1148 3328 Olympiadum
1166 3255 1313 3312 solstitium
1331 3269 1415 3325 appa·
1472 3259 1475 3270 “

65 3357 126 3398 reus
143 3341 199 3398 fuit
218 3341 336 3398 calendis
355 3340 476 3410 quintilis
494 3341 605 3398 Juliaui.
639 3337 705 3399 Huc
736 3341 812 3398 enim
835 3356 871 3400 ex
893 3339 1049 3402 Protenico
1080 3346 1217 3420 computo
1248 3339 1415 3400 desumtum
1530 3341 1532 3350 ’
1623 3347 1649 3374 ⁰·

68 3435 118 3500 est,
143 3428 216 3502 quia
239 3433 269 3486 et
290 3442 360 3485 usus
382 3423 495 3485 Juliani
519 3431 548 3484 et
571 3427 738 3503 apparentis
761 3425 897 3486 emedio
921 3427 1048 3489 solstitio
1078 3429 1231 3489 discrimen
1253 3445 1311 3488 nou
1334 3427 1417 3487 alibi.

170 3513 284 3590 Pergit:
306 3516 481 3572 Noviluuium
495 3515 667 3587 Olympicum
680 3516 757 3573 civile
770 3525 858 3588 noete,
877 3534 947 3588 quae
966 3526 1060 3576 secuta
1073 3526 1116 3575 est
1127 3526 1250 3575 octavam
1262 3519 1333 3576 diem
1347 3518 1417 3586 ejus·

68 3601 126 3659 dem
145 3604 256 3658 mensis.
296 3599 425 3660 Primum
449 3606 606 3676 quaeratur
628 3601 811 3661 novilunium
834 3602 962 3663 medium
994 3603 1073 3663 illius
1103 3605 1171 3662 anni
1195 3621 1231 3662 ex
1253 3603 1417 3663 Pruteuieie

68 3687 189 3759 (iuitd
213 3693 242 3747 8.
265 3686 389 3747 1111111.
415 3691 464 3748 21.
490 3687 627 3748 amedia
649 3691 757 3764 noete)
803 3689 879 3750 Nam
911 3689 981 3766 quid
1009 3691 1047 3750 ed
1077 3709 1123 3750 mc
1152 3690 1290 3768 periodus
1322 3689 1417 3750 civilis

69 3773 224 3852 Olympiae
246 3791 281 3834 ex
312 3776 486 3851 conjecturis
508 3773 649 3854 Scaligeri
677 3776 826 3837 11111111
863 3778 1029 3856 Buutingus
1060 3777 1177 3857 quidem
1204 3779 1416 3840 111111111-

5 3863 7 3872 “
68 3863 189 3924 haconis
213 3863 255 3940 (9.
278 3861 354 3940 Jut.)
378 3861 484 3940 prodit.

169 3949 284 4027 Pergit:
310 3955 347 4010 Et
358 3955 423 4023 quie
435 3953 530 4011 diebus
542 3955 717 4025 annitsiuguli
730 3955 828 4026 gradm
840 3955 898 4011 iere
910 3957 1085 4027 imputentur,
1098 3961 1245 4027 propterea
1256 3958 1320 4014 in8.
1329 3955 1415 4027 gradu
1430 4015 1431 4018 ,

69 4039 162 4097 Caneri
183 4047 278 4096 exacto
302 4039 470 4096 novilunium
487 4042 547 4099 1111.
584 4040 669 4100 Esset
692 4041 780 4118 igitur
802 4047 907 4116 quarta
929 4043 1013 4116 ratio,
1038 4057 1088 4101 cur
1109 4041 1237 4104 solstitia
1258 4045 1288 4101 in
1304 4042 1416 4103 octavis

68 4125 199 4202 pertibus
221 4127 379 4202 signorum,
404 4127 489 4202 quasi
512 4125 695 4187 novilunium
717 4145 770 4205 pro
793 4129 920 4188 solstitie
937 4136 1128 4206 usurpassent
1151 4131 1179 4188 in
1202 4131 1298 4209 prima
1314 4129 1418 4207 Olym·

5 4231 6 4240 .
70 4213 168 4289 piade3
198 4213 285 4288 quale
314 4213 383 4289 quid
407 4213 542 4290 equidem
565 4215 736 4276 Ptolemaeo
767 4215 908 4277 eccidisse
930 4216 1046 4285 videtur
1074 4216 1277 4296 Hipparchum
1299 4217 1417 4295 legenti.

70 4299 104 4359 Et
125 4301 279 4360 manifeste
302 4299 432 4378 Scaliger
454 4302 529 4361 hauc
560 4319 677 4365 eausam
699 4303 816 4383 allegat,
839 4307 928 4364 111111
950 4308 1032 4365 caim
1054 4307 1198 4382 inquiens.
1230 4304 1304 4366 Mihi
1327 4321 1417 4367 eausa

5 4457 6 4464 ἵ
72 4395 113 4447 111
133 4389 251 4449 minime
275 4388 441 4449 verisimilis
472 4406 541 4467 prae
563 4390 614 4451 ille
635 4393 739 4470 prima.
784 4392 855 4470 (Sed
878 4394 1031 4454 considera
1059 4393 1184 4471 amplius
1206 4393 1342 4472 periodos
1367 4398 1416 4470 18,
1462 4383 1472 4402 ’

74 4481 120 4549 76,
144 4475 286 4640 eamd&
307 4563 491 4625 novilunium
508 4569 537 4630 8.
552 4563 635 4642 Julii,
658 4566 770 4643 reliqua
792 4569 880 4646 igitur
898 4574 947 4631 10.
962 4569 1045 4646 Meji,
1072 4573 1121 4633 12.
1137 4565 1245 4643 Martii,
1272 4567 1416 4643 11111,

5 4695 7 4704 .
73 4667 146 4710 euno
169 4653 304 4728 sequenti
327 4655 357 4710 in
384 4659 410 4714 1.
434 4653 503 4715 Jan.
549 4652 641 4730 Quasi
663 4669 756 4714 11111
784 4655 887 4718 ludicri
910 4675 968 4720 uon
996 4657 1112 4718 initium
1136 4663 1213 4717 esset
1235 4654 1418 4733 quadriennii

5 4733 9 4752 ¹
73 4735 115 4816 (ut
135 4741 165 4798 iu
188 4742 413 4816 numeratione),
438 4742 490 4801 red
512 4745 542 4800 in
564 4741 630 4801 tine.

5 4879 16 4912 r'

174 4827 288 4906 Pergit:
312 4830 382 4888 Hinc
399 4839 497 4902 postea
515 4833 688 4888 observatum
706 4839 756 4904 cst,
775 4841 805 4891 ut
821 4833 988 4893 1111111111
1000 4835 1167 4908 Olympicum
1185 4853 1325 4907 nunquam
1341 4843 1417 4894 ante·

75 4924 189 4978 verteret
205 4919 574 4994 adremuneraretur.
593 4919 661 4981 Duo
679 4919 833 4997 probanda
848 4927 930 4982 suut:
952 4937 998 4982 res
1015 4925 1044 4982 et
1059 4935 1148 4984 eausa
1162 4922 1214 4986 rei.
1252 4915 1299 4984 Do
1313 4939 1345 4984 re
1359 4924 1417 4988 sie:

173 1847 303 1908 Tertiam
326 1849 468 1908 rationem
491 1848 575 1909 affert
589 1847 787 1926 Reiuhuldus;
808 1854 893 1926 putat
916 1849 1001 1922 euim,
1024 1853 1159 1910 auctores
1178 1847 1349 1908 assertionis
1371 1865 1419 1910 re·
1517 1865 1522 1878 ¹
1597 1833 1651 1916 sn„
1665 1823 1671 1836 ’Δ

69 1937 203 2011 aperuisse
227 1935 264 1996 ad
286 1935 340 1996 ille
361 1943 509 2012 tempora,
533 1935 651 2013 quando
673 1939 766 2013 prima
787 1934 875 1996 stelle
898 1935 933 2008 Υ
954 1943 1016 1996 1111
1036 1936 1202 2014 8pertihus
1228 1942 1296 1995 aute
1313 1937 1418 2012 aequis
1513 1933 1514 1936 ’
1547 1935 1548 1938 ’
1688 1995 1693 2034 ,Α
