3436 5416
600 385 717 446 in0rbe
733 371 836 448 banaa.
1088 358 1092 366 Ι
1169 331 1170 335 ¹
1344 383 1386 456 93

19 581 20 592 ¹
61 569 215 646 circumiua'r,
238 576 271 632 at
290 587 349 631 non
364 568 433 632 ideo
446 571 670 632 existimationis
685 573 892 648 praestantiam
910 576 939 632 et
953 567 1134 632 divinitatem
1149 588 1232 630 snam
1247 569 1388 649 deperdit,

60 667 172 735 atquae
194 658 282 741 (hanc
302 658 406 720 melius
428 657 639 736 tenerculos)
663 659 688 718 sl
710 661 789 718 adria
812 660 850 719 ab
864 657 1032 718 bominibus
1054 675 1118 734 esse
1134 659 1275 734 credatur,
1300 677 1389 736 quam

19 757 21 766 ’
60 749 80 806 sl
96 748 286 824 potius-iguis
307 746 449 822 turbidus,
473 753 506 806 nt
527 747 618 807 Stoici
641 755 783 821 asserunt,
808 755 837 806 et
859 746 1047 806 succulentus.
1084 747 1165 824 Ignis
1188 747 1266 823 apud
1282 747 1387 808 Medos

60 845 83 895 ct
102 835 233 912 Assyrios
255 834 413 895 barbaricis
435 834 539 895 colitur
560 833 735 910 honoribus,
765 836 872 911 qulbus
894 841 988 893 metus
1010 839 1111 893 auctor
1134 843 1178 894 est
1206 834 1319 894 colendi
1342 852 1386 910 ca,

19 927 21 934 “
60 938 122 998 quaa
140 938 244 982 nocere
264 931 397 999 possunt,
420 939 514 998 eaque
535 939 606 998 prae
629 922 714 981 bonis
737 928 766 982 et
788 920 909 981 utilibus
932 921 1129 980 consecrandi.
1167 920 1293 984 Telluris
1317 939 1387 983 vero

19 1025 20 1060 ³
58 1025 149 1070 noman
169 1011 264 1069 cuivis
286 1012 384 1087 graeci
407 1012 532 1068 nominis
554 1009 665 1068 bomini
688 1011 812 1069 amicum
835 1017 864 1069 et
886 1011 1045 1086 pretiosum
1074 1015 1133 1083 est,
1165 1017 1195 1069 et
1214 1011 1300 1069 nobis
1323 1027 1387 1070 mos

59 1099 168 1173 panius,
196 1096 278 1157 iiiam
307 1099 398 1158 instar
418 1096 497 1157 alius
525 1096 650 1172 alicujus
672 1096 729 1156 Dei
752 1098 891 1158 venerari.
936 1093 1037 1172 Longa
1060 1099 1137 1156 cuim
1159 1097 1245 1157 abest
1270 1105 1301 1156 ut
1323 1115 1387 1172 uos,

60 1186 101 1260 qni
120 1201 218 1244 snmus
240 1184 381 1262 homines,
404 1183 529 1263 Lunam,
553 1201 628 1260 quae
650 1190 727 1243 terra
750 1190 795 1244 cst
811 1182 966 1262 olympica,
989 1183 1125 1260 putemus
1141 1185 1268 1245 inanime
1284 1201 1389 1262 corpus
1504 1195 1507 1200 '

59 1279 277 1337 munimenta
300 1289 415 1332 cassnm
437 1280 467 1333 ct
487 1279 632 1332 exsortem
654 1287 770 1345 eorum,
801 1287 922 1348 quorum
944 1272 1087 1348 primitias
1109 1271 1174 1330 Diis
1198 1272 1292 1331 offerri
1316 1289 1389 1334 corr-

59 1361 136 1430 rauit,
157 1367 218 1418 mm
240 1359 404 1436 obtegam,
428 1376 516 1435 quarn
539 1367 571 1418 ut
592 1373 645 1436 pro
668 1354 816 1419 beneficiis
838 1365 935 1436 grates
959 1359 1155 1434 exsolvamus,
1179 1358 1304 1436 donique
1320 1363 1391 1437 quia

58 1453 149 1506 natura
167 1446 274 1507 suadet
297 1448 426 1507 venerari
448 1446 496 1521 id,
519 1445 599 1524 quod
621 1449 727 1506 virtute
749 1454 779 1506 et
800 1449 933 1524 potentia
953 1454 1083 1522 praestat
1106 1455 1135 1506 et
1157 1449 1312 1524 pretiosius
1335 1455 1389 1507 est.

19 1559 21 1592 ;
60 1533 151 1610 ltaque
171 1533 245 1592 nibil
267 1551 322 1595 uos
344 1537 447 1612 opinor
468 1551 605 1612 peceare,
628 1535 653 1593 sl
676 1533 790 1594 Lunam
812 1541 918 1594 terram
941 1550 1006 1594 esse
1027 1532 1225 1596 defendamus.
1271 1534 1390 1596 Faciem

57 1638 117 1680 sero
137 1620 201 1698 ejus
223 1638 290 1682 eum
311 1624 341 1680 iu
363 1639 489 1695 morem,
520 1636 578 1698 quc
609 1628 708 1682 nostra
730 1622 803 1681 irasc
824 1621 915 1681 Terra
940 1622 1022 1680 sinus
1049 1621 1139 1683 habet
1168 1625 1317 1699 ingentes,
1348 1624 1391 1682 sic

58 1706 127 1766 diam
147 1708 295 1770 debiscere
316 1708 563 1786 profunditatibus
586 1709 699 1785 magala
720 1711 858 1784 rimisque
880 1725 986 1786 aquam
1008 1716 1059 1768 ant
1081 1709 1272 1788 caliginosum
1294 1713 1390 1770 adrem

58 1798 273 1870 maurannus,
296 1800 380 1864 iutra¹
393 1813 467 1874 quas
488 1813 547 1856 non
569 1793 718 1856 deseendit
740 1813 793 1855 nec
814 1797 952 1874 pertingit
973 1794 1051 1856 Solia
1073 1796 1185 1873 lumen,
1217 1796 1269 1858 scd
1293 1796 1390 1858 deficit

58 1891 83 1944 ct
101 1883 264 1944 distractam
287 1887 351 1944 letis
372 1882 445 1945 locis
467 1885 715 1960 repercussioncm
738 1891 876 1959 praestat.

146 1970 205 2032 Hic
232 1970 429 2048 interioqncns
459 1969 720 2049 Apollonides,
750 1969 871 2044 exinde,
902 1973 1011 2048 inquit,
1042 1971 1160 2049 appello
1189 1969 1265 2032 hanc
1294 1973 1391 2049 ipsam

57 2057 171 2132 Lunam,
203 2059 346 2136 possibile
367 2060 453 2120 nobis
476 2059 638 2132 videbitur,
668 2067 852 2136 rupturarnm
875 2059 1054 2135 quarundam
1078 2066 1108 2119 et
1130 2061 1303 2136 voraginum
1326 2063 1390 2120 eri-

56 2155 122 2206 stsre
143 2148 275 2220 umbras,
306 2157 394 2224 atque
423 2145 493 2207 iude
514 2143 572 2208 bue
593 2148 758 2225 pertingere
780 2145 818 2205 ad
841 2148 945 2206 slsum.
991 2147 1037 2205 Au
1060 2145 1169 2206 nullam
1202 2147 1281 2223 ejus,
1313 2147 1391 2224 qnod
1467 2213 1471 2225 ἱ

19 2291 20 2294 ,
57 2231 115 2292 inde
129 2237 323 2310 consequitur,
340 2237 481 2295 rationem
497 2233 636 2294 habetis?
658 2234 756 2310 Atque
772 2233 836 2310 Ego
851 2233 907 2293 hoo
921 2236 1026 2310 ipsum,
1049 2237 1177 2310 iuquam,
1200 2235 1292 2294 dicito.
1327 2234 1390 2294 Etsi

57 2336 105 2378 non
126 2323 275 2397 ignoratis,
297 2321 578 2395 paginulasque
601 2331 708 2381 tamen.
746 2321 898 2381 Diameter
914 2320 1014 2383 Lunae
1037 2325 1065 2380 ln
1089 2321 1228 2382 mediocri
1251 2321 1391 2382 distantia

19 2415 21 2488 J
55 2409 272 2484 magnitudinem
294 2407 384 2469 habet
405 2417 594 2487 apparentem
616 2406 770 2468 duodecim
793 2407 964 2484 digitorum,
995 2410 1175 2470 macularum
1198 2425 1269 2470 vcro
1291 2413 1391 2486 nigra·

55 2511 109 2553 rum
129 2505 157 2555 el
177 2498 380 2557 umbrosanum
409 2496 619 2574 unaquaelibet
649 2495 735 2556 latior
757 2505 879 2572 apparat
907 2498 1026 2556 semisse
1056 2495 1154 2574 digiti,
1182 2505 1215 2556 nt
1236 2498 1278 2556 lta
1299 2499 1395 2575 major

19 2599 20 2602 ¹
55 2585 87 2640 sit
106 2585 243 2644 vicesima
266 2593 370 2661 quarta
392 2584 526 2644 diametri
549 2590 641 2661 parte.
674 2583 765 2660 Atqui
787 2586 813 2644 si
836 2591 948 2643 tantum
971 2587 1111 2645 tricenum
1134 2583 1256 2644 millium
1279 2585 1392 2646 stadio-

19 2675 21 2720 ὶ
54 2685 109 2728 rom
127 2672 270 2732 indamus
292 2671 433 2732 ambitum
449 2671 562 2745 Lunae,
585 2669 757 2731 diametrum
780 2687 850 2731 raro
866 2669 965 2732 decern
989 2670 1121 2744 millium,
1144 2671 1304 2732 secundum
1320 2675 1411 2752 subs

52 2755 151 2833 belum
173 2759 231 2820 hoc
252 2775 311 2819 non
333 2762 428 2820 minor
451 2765 528 2820 esset
551 2760 717 2836 quingentis
739 2757 841 2818 stadiis
865 2758 1015 2835 quaslibet
1037 2760 1236 2820 umbrosarum
1259 2760 1392 2820 macula·
1484 2794 1489 2804 ·

19 2851 21 2924 ᾗ
55 2861 117 2904 rnm.
160 2847 239 2907 Vide
261 2850 349 2924 igitur
370 2850 511 2925 primum,
542 2863 579 2906 au
603 2848 641 2906 sit
662 2846 820 2923 possibile,
850 2844 952 2907 Lunae
975 2855 1072 2907 tantas
1095 2865 1159 2908 essa
1181 2847 1393 2925 profunditates

19 2969 21 2984 ÷
55 2940 80 2992 ct
98 2941 191 2994 tantas
221 2937 409 3011 asperitates,
439 2943 473 2994 ut
494 2943 605 2994 tantam
633 2934 761 2994 efficiant
787 2934 933 3010 umbram,
965 2934 1069 2996 deinde
1097 2935 1245 3012 quomodo
1272 2935 1336 3009 ilat,
1366 2937 1392 2995 si

55 3026 143 3082 unus
163 3029 234 3081 sunt
249 3023 457 3100 magnitudine,
480 3033 618 3082 armatae
641 3038 699 3081 uon
722 3020 875 3082 videantur
897 3040 917 3081 a
935 3022 1029 3085 nobis.
1061 3023 1133 3100 Ego
1155 3038 1225 3084 vcro
1240 3022 1392 3083 subridens

19 3103 20 3110 ’
56 3105 93 3164 ilii
112 3119 216 3184 macte,
240 3109 315 3184 dico,
338 3119 451 3188 reperta
474 3109 720 3170 demonstratione
741 3109 932 3182 nobilissima,
956 3126 973 3168 o
996 3109 1190 3192 Apollonide,
1213 3127 1272 3187 qna
1295 3119 1324 3172 ct
1346 3125 1392 3171 mc

55 3201 81 3254 et
97 3203 125 3256 tc
145 3200 243 3274 ipsum
265 3197 477 3258 demonstrabis
498 3199 691 3275 proceriorem
712 3213 776 3256 esse
798 3196 952 3257 Aloidibns
972 3196 1041 3271 iliis,
1063 3213 1122 3258 uon
1137 3196 1168 3256 id
1183 3197 1301 3276 quidem
1316 3215 1391 3276 qua·

20 3309 21 3360 1
55 3282 93 3339 ris
113 3284 168 3344 diei
191 3285 281 3359 bora,
304 3285 357 3345 sed
379 3289 505 3346 maxime
527 3301 612 3345 mane
635 3293 665 3345 et
685 3287 808 3362 vesperi.
855 3285 900 3343 An
924 3287 1090 3360 existimas,
1115 3302 1179 3345 cnm
1203 3285 1255 3346 Sol
1276 3297 1392 3346 nostras

56 3367 189 3432 describat
210 3373 329 3432 umbras
351 3373 578 3452 prolixissimae,
606 3373 683 3448 quod
706 3373 732 3431 is
754 3372 934 3448 praeclarum
957 3374 1044 3432 istnrn
1067 3372 1269 3451 syllogismum
1293 3376 1390 3434 sensui
1504 3441 1507 3452 ,

19 3509 20 3512 ,
54 3459 227 3535 suppeditet,
250 3462 275 3520 si
291 3477 427 3536 magnum
442 3463 480 3519 sit
496 3461 575 3537 quod
591 3461 791 3534 obumbratur,
815 3459 909 3536 majus
923 3458 1014 3519 multo
1038 3477 1102 3522 esse
1125 3461 1204 3537 quod
1228 3461 1391 3521 obumbrat

53 3541 83 3604 In
103 3547 212 3608 murno
236 3555 283 3607 sat
304 3550 367 3608 scio
388 3556 521 3608 nentrum
544 3557 672 3607 nostrum
695 3547 794 3620 luisse,
818 3556 945 3608 attamen
963 3548 1125 3641 iambicum
1148 3548 1236 3626 iliud,
1261 3548 1339 3625 quod
1362 3551 1392 3606 ln

54 3645 97 3692 crs
117 3639 247 3695 omnium
269 3643 315 3696 cst
335 3637 609 3713 frequentissimum,
632 3643 754 3711 uterque
776 3637 893 3713 saepius
916 3635 1098 3696 audirimus:

400 3765 495 3826 Athos
516 3765 599 3828 bovis
620 3767 701 3826 lctus
722 3765 861 3827 recondet
882 3765 1037 3828 Lemniae.

19 3955 21 3972 ζ
144 3897 322 3973 Asseqnitur
336 3897 412 3956 enim
427 3895 531 3955 umbra
545 3899 660 3972 montis,
684 3903 717 3956 ut
733 3895 853 3971 ridetur,
878 3914 1001 3957 seucum
1023 3896 1170 3974 quoddam
1192 3899 1278 3958 boris
1300 3900 1393 3959 simu-

51 3981 164 4056 lacrum,
180 3995 304 4044 extensa
318 4001 371 4060 per
387 4001 465 4044 mare
482 3987 510 4041 in
525 3983 735 4062 longitudinem
750 4001 807 4044 non
823 3987 962 4045 minorem
985 3985 1087 4045 stadiis
1109 3988 1307 4063 septingentis.
1340 3984 1394 4068 (nt

19 4109 21 4126 2
53 4080 103 4130 uon
124 4071 192 4133 ideo
208 4078 321 4130 tantam
335 4072 475 4131 iaciemus
489 4070 581 4152 illam)
596 4071 792 4146 altitudinem,
816 4090 892 4149 quae
908 4074 1040 4132 umbram
1055 4074 1185 4150 projicit,
1210 4075 1280 4151 quia
1295 4091 1393 4135 reces-

53 4171 96 4217 sna
108 4158 228 4220 luminis
242 4159 351 4218 iaciunt
365 4160 531 4219 umbrarum
546 4158 757 4236 longitudinem
772 4167 901 4221 staturae
916 4177 1067 4237 corporum
1089 4161 1288 4238 multiplicem.
1326 4161 1394 4222 Huc

53 4245 130 4322 igitur
152 4265 227 4324 age,
258 4245 410 4307 considera
432 4248 520 4307 etiarn
542 4249 571 4304 irr
594 4247 693 4321 burra,
721 4247 839 4324 quaudo
862 4247 913 4306 illa
935 4247 1021 4324 pleno
1044 4255 1088 4309 est
1111 4249 1193 4309 vultu
1217 4257 1246 4310 et
1267 4251 1393 4308 maxime

19 4331 21 4354 ³
55 4335 230 4396 uticuiatam
251 4341 451 4410 repraesentat
465 4333 586 4411 figuram
607 4335 694 4394 faciel
715 4344 833 4412 propter
848 4336 967 4396 umbras
982 4335 1221 4412 profunditatem,
1244 4339 1393 4408 considera,

55 4423 168 4496 nquam,
200 4421 300 4482 Solem
322 4423 448 4481 marimo
470 4423 570 4482 itidem
593 4437 661 4482 arou
677 4422 875 4483 obsistentem.
904 4422 982 4484 Nam·
995 4425 1081 4484 ctiam
1098 4423 1146 4484 hic
1160 4441 1290 4484 recessus
1306 4421 1394 4481 lurni·

19 4563 20 4568 ,
53 4507 92 4566 uls
117 4511 252 4570 umbram
281 4527 417 4586 magnam
447 4508 549 4584 elficit,
585 4525 643 4568 uon
672 4509 758 4586 ipsas·
787 4509 1001 4586 magnitudines
1030 4511 1271 4588 inaequalitatum
1305 4527 1394 4586 supra

19 4639 20 4642 ,
54 4591 155 4657 mnam
170 4599 351 4658 exstantium
360 4591 410 4682 ⁵⁸).
448 4597 603 4657 Enimvero
617 4613 653 4656 ue
668 4598 809 4656 montium
833 4598 949 4674 quidem
969 4602 1133 4658 nostratium
1158 4599 1273 4660 excelsa
1295 4596 1330 4657 de
1347 4597 1394 4659 dle
1466 4596 1476 4624 ⁸

53 4687 169 4745 anobis
200 4687 331 4763 conspici
361 4692 484 4762 possunt
514 4685 552 4744 ob
575 4685 653 4745 Solis
682 4685 869 4745 circumfusos
899 4686 1083 4763 splendores,
1115 4693 1179 4746 cum
1209 4685 1274 4744 loca
1296 4693 1393 4744 tamen

53 4772 186 4846 unienda
210 4780 241 4832 et
262 4789 345 4848 cara,
369 4773 481 4832 etiarnsi
504 4774 564 4832 siut
586 4773 730 4846 umbrosa,
753 4782 906 4833 cernantur
921 4791 936 4834 e
952 4775 1111 4850 longinquo
1121 4769 1170 4854 ⁶⁰).
1206 4772 1286 4833 Nihil
1305 4775 1394 4850 igitur

19 4887 22 4952 ᾗ
53 4867 92 4920 est
111 4860 241 4936 mardi,
264 4863 321 4922 cm
341 4861 430 4922 stiam
445 4859 556 4937 Lunae,
579 4861 749 4938 excipientis
771 4860 849 4923 Solis
870 4860 977 4939 radios,
1000 4860 1174 4922 illumiaatio
1191 4859 1309 4939 quidem
1332 4859 1394 4922 dis·
