3494 5426
461 401 463 415 =
528 377 665 438 indiciam
683 379 778 438 matris
796 378 919 454 Kepleriu
1260 407 1269 454 ε
1333 379 1408 450 379
1583 411 1605 440 ν
1620 364 1711 445 ἷξε,

1564 523 1633 558 ms!
1661 528 1683 567 ,qr

21 559 151 634 tobris,
177 573 243 618 cum
267 563 316 623 21.
340 555 404 620 Oet.
429 566 528 622 essent
549 560 728 638 producendi
751 569 855 636 testes,
888 563 990 640 incipit
1012 561 1113 640 Burga
1134 579 1229 624 serere
1253 559 1397 639 querelas,
1451 561 1453 574 ⁴
1543 629 1549 646 ,
1591 578 1704 639 2

25 650 123 710 mim
147 646 266 706 sffl‘feffl
287 664 385 706 meum
408 647 446 708 &d
468 667 631 726 vesperam,
654 659 776 710 matrem
798 668 894 710 meam
916 659 1114 714 transeuntem
1130 650 1221 710 cultro
1238 651 1396 726 evaginato
1474 661 1475 666 ¹
1505 651 1508 660 ’
1562 713 1566 726 ᾖ
1607 638 1693 728 W?

26 737 157 809 adorta,
179 735 272 811 jussit
283 738 435 797 restituere
451 735 571 796 filiolam
588 753 685 796 suam:
712 755 799 814 ,nam
822 755 881 812 aur,
905 740 1008 815 inquit,
1031 741 1199 814 percussisti
1222 736 1320 811 illam,
1343 739 1397 795 tri-
1491 743 1492 750 ³
1619 721 1691 808 ji„

24 827 92 885 bus
116 823 258 900 passibus
280 824 486 884 retrocedens?
518 823 548 883 id
571 824 695 886 affirmat
716 825 809 886 filiola
830 843 897 886 mea
919 828 1071 902 omniaque
1094 826 1230 903 tegularii
1252 825 1393 885 familia“
1445 895 1446 898 Ἴ
1476 831 1477 834 ’
1563 817 1645 920 '‘HJ-”¹
1665 810 1701 881 'u

24 913 80 972 Rs
105 929 163 988 per
186 918 307 971 matrem
330 927 426 971 meam
448 911 486 971 ad
508 911 685 988 praelectum
709 912 808 974 delata
831 923 860 973 et
882 912 993 973 tamilla
1016 913 1153 990 tegularii
1175 915 1326 987 accersita,
1349 914 1396 968 in-

27 1007 132 1060 venta
156 1006 201 1058 eat
223 1006 337 1074 praeter
359 1017 440 1072 eam,
464 1015 540 1076 quae
562 1017 594 1060 se
616 1000 729 1061 laesam
751 1003 871 1074 asserit,
895 1003 982 1062 unios
1003 1001 1138 1076 legatarii
1161 999 1254 1059 filiola
1278 1007 1316 1060 10
1341 1017 1396 1058 an·

26 1105 164 1160 norum,
198 1103 273 1160 qnae
300 1084 378 1145 idern
400 1086 542 1158 affimat,
575 1093 706 1162 ceterae,
729 1105 806 1166 quae
831 1105 888 1149 una
910 1086 1123 1166 procedebant,
1153 1086 1225 1145 nihil
1250 1086 1285 1147 de
1307 1086 1397 1164 plaga
1503 1103 1504 1106 =
1552 1165 1557 1185 ἲ
1600 1076 1695 1194 θ

29 1177 151 1236 sciunt.
191 1172 287 1232 Mater
308 1190 376 1234 mea
398 1175 631 1234 constantissime
653 1183 751 1253 negat.
790 1175 960 1236 Praefectus
981 1182 1080 1235 tamen
1104 1176 1139 1235 de
1156 1173 1299 1234 maleficio
1321 1189 1394 1234 oon·
1463 1197 1464 1206 ¹

27 1271 156 1322 stanter
178 1259 337 1334 elfirmere,
365 1261 404 1338 lii
429 1265 470 1320 tin
493 1261 658 1339 burngttii,
688 1263 726 1340 laq
750 1261 812 1322 eben
833 1265 884 1324 bot
913 1264 979 1336 tamt
1001 1261 1099 1337 luunt,
1134 1263 1248 1323 videtur
1270 1262 1397 1337 chirurgi

29 1349 243 1426 Tubingensis
266 1351 469 1409 auctoritatem
492 1351 521 1406 in
538 1349 594 1410 hoe
609 1353 701 1428 sequi,
725 1350 886 1411 adversarii
901 1353 1009 1425 nostri;
1034 1359 1094 1410 tum
1118 1358 1216 1410 autem
1238 1347 1394 1408 insidiatus

29 1439 146 1497 matris
170 1452 253 1494 meae
276 1438 413 1511 moribus,
438 1455 474 1496 ex
496 1438 541 1511 iis,
565 1454 641 1514 quae
664 1438 830 1498 inconsulta
851 1438 969 1512 semina,
992 1441 1152 1514 improviso
1167 1436 1245 1498 maio
1268 1439 1394 1496 eircum—
1500 1465 1502 1468 ·
1551 1447 1576 1510 ε,
1598 1410 1694 1522 =‘⁴.'l⁴·

32 1533 134 1584 venta
157 1530 186 1583 et
208 1539 332 1583 excussa
353 1541 406 1602 spe
427 1524 627 1600 productionis
648 1529 766 1585 testium
789 1527 973 1603 perturbata,
998 1527 1116 1597 edutiit,
1142 1527 1224 1585 varia
1247 1524 1395 1601 conquirit

31 1612 163 1685 indicia,
187 1627 222 1669 er
245 1612 351 1686 quibus
374 1613 535 1689 potissima,
560 1612 638 1689 quod
661 1613 737 1674 intra
758 1614 894 1688 triduum,
918 1631 954 1672 ex
978 1631 1036 1690 quo
1059 1621 1189 1690 repetere
1213 1611 1315 1672 debuit
1329 1628 1393 1670 me-

31 1702 167 1759 moriam
190 1700 367 1758 transitionis
390 1716 472 1773 suae,
495 1708 591 1760 certae
615 1699 672 1760 diei
695 1700 789 1761 oblita
811 1709 881 1774 erat,
905 1717 970 1760 eum
993 1701 1145 1777 largiretur
1168 1706 1282 1773 tamen,
1316 1697 1393 1758 diem

31 1787 129 1847 illum
150 1787 257 1860 inisse,
281 1803 339 1862 quo
363 1787 469 1848 crudae
492 1781 609 1864 tegulae
631 1789 661 1846 in
684 1788 831 1848 fornacem
853 1788 969 1848 illatae:
1000 1791 1042 1848 sle
1065 1785 1144 1865 quod
1167 1784 1259 1847 maier
1281 1785 1394 1846 audiis—
1465 1779 1466 1788 ’
1564 1767 1566 1774 ’
1612 1755 1624 1790 Ἰ
1693 1816 1701 1841 a

33 1882 107 1949 set,
139 1873 318 1951 praelectum
347 1875 385 1934 ob
413 1874 489 1934 hana
520 1882 715 1952 emergentem
733 1868 958 1937 ‘levissimorum
991 1874 1142 1935 hominum
1175 1875 1392 1934 accusationem

37 1963 184 2042 (maritus
205 1977 234 2018 n.
252 1961 368 2038 Bergae
391 1961 540 2038 quondam
562 1963 630 2022 furti
652 1981 763 2041 poenas
786 1962 850 2037 luit,
874 1979 957 2024 socer
980 1964 1107 2024 carnifex
1130 1970 1192 2024 erat
1214 1963 1392 2039 campestris,
1491 1941 1503 1998 Ῐ
1571 1945 1691 2042 {effi

37 2069 60 2110 a
85 2065 148 2127 quo
171 2047 287 2125 Burgae
311 2051 487 2126 cognomen)
510 2053 679 2111 renunciare
703 2050 760 2113 diei
782 2049 983 2128 productionis
1006 2053 1133 2125 testium,
1156 2049 1292 2127 perculsa
1313 2049 1396 2108 subi·
1434 2097 1435 2100 ,
1491 2081 1492 2086 κ
1567 2055 1583 2076 ’·

1561 2135 1606 2168 r¹,
1647 2133 1650 2140 ¹
1678 2144 1692 2167 t·

35 2147 134 2199 tuneo
157 2136 355 2211 incommodo,
378 2155 446 2197 narn
464 2146 577 2197 sumtus
597 2139 659 2214 iam
681 2139 798 2214 iecerat,
822 2139 969 2216 praelecto
992 2140 1126 2215 promisit
1148 2154 1267 2208 munus,
1299 2138 1324 2196 si
1348 2136 1394 2196 di·
1452 2161 1457 2168 ·

34 2227 115 2298 lata,
140 2242 229 2301 quam
250 2226 417 2285 minabatur
439 2224 497 2298 ille,
522 2225 662 2285 relatione
685 2225 723 2286 ad
747 2225 960 2301 cancellariam,
984 2229 1108 2286 testibus
1123 2223 1277 2286 audiendis
1300 2223 1422 2283 locum·

37 2314 142 2374 daret:
166 2311 330 2389 praelectus
353 2312 382 2372 id
406 2329 458 2390 pro
482 2311 590 2372 indicio
613 2313 709 2374 malae
731 2315 927 2374 eonscientiae
950 2313 1054 2374 detulit
1077 2313 1115 2374 ad
1138 2311 1352 2374 cancellariam.

149 2399 206 2459 His
229 2399 340 2459 artibus
362 2399 465 2477 effugit
486 2400 649 2478 praelectus
672 2403 877 2462 necessitatem
900 2403 1076 2462 imminentis
1099 2403 1174 2460 intra
1193 2407 1210 2461 3
1229 2399 1290 2459 dies
1310 2400 1395 2476 jura·
1444 2381 1447 2388 ’
1502 2469 1505 2476 ὃ
1535 2369 1547 2460 ’,
1561 2365 1705 2482 „hyffa

39 2489 137 2550 menti
161 2485 334 2564 dicendique
357 2489 517 2550 testimonii
540 2488 576 2548 de
598 2505 629 2548 re
651 2489 811 2565 gestabis
833 2491 946 2549 artibus
969 2498 1067 2566 sperat
1090 2487 1240 2564 chirurgus
1263 2479 1417 2564 impuni?

39 2584 151 2651 tatem,
183 2574 229 2634 his
259 2574 371 2635 artibus
399 2577 571 2653 opprimitur
599 2574 691 2636 delira
717 2578 755 2637 ob
778 2585 904 2637 aetatem
936 2579 1061 2651 semiua3
1093 2578 1208 2654 sparsit
1230 2576 1395 2652 praelectus
1438 2613 1440 2620 ι

40 2681 200 2738 rumorem,
224 2679 256 2723 se
278 2665 450 2723 instructum
473 2655 537 2724 esse
552 2662 698 2723 mendatis
714 2664 752 2723 ad
768 2663 941 2741 capiendam
964 2673 994 2726 at
1015 2664 1052 2722 ad
1076 2671 1216 2724 torturam
1232 2661 1396 2724 vocandam
1511 2681 1512 2688 ¹
1632 2707 1655 2736 „
1668 2699 1705 2755 p.

40 2759 168 2813 matrem
190 2765 303 2826 moam;
326 2749 468 2811 admoniti
490 2757 558 2810 sunt
580 2753 638 2811 mei
662 2750 697 2811 de
721 2750 823 2812 eodem
846 2751 1082 2830 periculoaiide
1097 2751 1203 2826 dignis,
1227 2751 1402 2828 inquisitio·
1496 2769 1499 2774 ·
1551 2815 1552 2818 Ἴ
1598 2786 1691 2835 ι

40 2857 110 2900 nem
135 2839 173 2898 ad
195 2837 271 2898 hanc
293 2855 381 2898 unam
404 2845 464 2898 mm
486 2839 582 2899 levem
606 2839 822 2900 accusationem
845 2840 991 2914 habitam,
1020 2839 1105 2916 plura
1127 2838 1243 2898 detecta
1266 2839 1394 2910 erimina,
1482 2885 1485 2898 ,

40 2936 118 3006 puto
140 2927 228 3002 hujus
251 2929 349 2986 omnia
371 2926 480 2987 similia
501 2928 539 2987 ab
556 2926 659 2987 eadem
674 2925 771 2986 radico
787 2925 970 3004 pullulantia.
1008 2925 1086 3002 Quid
1102 2934 1221 3003 agerent
1236 2927 1293 2985 mai
1308 2925 1396 2985 irater

43 3023 78 3076 et
98 3017 236 3086 sororius,
260 3012 445 3074 ecclesiastes
468 3015 496 3071 in
520 3013 703 3088 Haimadeu,
729 3031 794 3074 cum
818 3013 917 3074 multis
937 3015 999 3091 Jam
1022 3015 1166 3073 sumtibus
1190 3013 1290 3073 effusis
1312 3013 1396 3090 quis·

44 3119 106 3181 que
129 3117 200 3161 auae
223 3109 335 3161 metuat
358 3101 573 3161 incolumitati?
610 3102 687 3178 Ergo
711 3101 832 3162 oonsilio
856 3108 943 3179 capto
966 3101 1092 3162 suadent
1113 3102 1208 3173 matri,
1232 3108 1265 3158 ut
1286 3099 1323 3160 ad
1348 3097 1412 3158 ma

44 3193 103 3250 irat
124 3189 271 3260 lineium,
301 3195 404 3248 secuta
426 3206 524 3276 meam
544 3190 749 3248 invitationem
771 3193 891 3264 seriam,
919 3186 1114 3266 jamdudum
1144 3189 1262 3250 iactam.
1307 3185 1397 3247 Paret

43 3277 109 3351 illa,
130 3277 199 3337 lieet
220 3275 504 3354 inritaadmodum,
526 3278 622 3354 pergit
644 3273 761 3336 Ulmam
786 3281 837 3338 30.
861 3273 982 3352 Oeten,
1006 3275 1057 3338 sed
1080 3277 1187 3351 trigore
1210 3281 1324 3336 maturo
1347 3276 1397 3332 in·
1429 3281 1430 3284 ’
1502 3315 1505 3328 .

43 3371 167 3443 gruente
189 3365 352 3424 revertitur.
395 3356 518 3423 Interim'
535 3364 708 3442 praelectus,
737 3363 856 3442 perinde
878 3381 914 3424 ac
936 3367 961 3422 si
983 3363 1080 3425 studio
1111 3363 1190 3424 illam
1223 3363 1420 3440 conjecisset¹
1497 3427 1508 3446 f
1592 3365 1608 3382 '¹
1652 3402 1700 3452 ,

51 3456 84 3512 in
107 3451 215 3528 lugam,
239 3451 328 3511 aedes
351 3451 415 3528 ejus
439 3453 590 3528 observat3
613 3457 733 3528 rogatos
755 3469 774 3511 a
794 3453 890 3524 unna,
914 3469 1003 3529 quam
1026 3451 1064 3512 ob
1087 3467 1147 3512 rem
1169 3449 1200 3508 id
1223 3450 1319 3519 fieret,
1348 3466 1396 3510 re·
1471 3527 1472 3534 ἵ

46 3538 175 3617 spondit,
199 3537 236 3598 ad
259 3539 430 3615 petitionem
446 3539 571 3617 Burgae,
594 3539 677 3615 cujus
698 3537 783 3598 liberi
807 3538 960 3613 debilitati,
984 3545 1015 3599 at
1036 3556 1093 3598 oon
1118 3539 1240 3598 obscure
1263 3537 1397 3597 cumula-

47 3635 113 3686 tum
134 3628 158 3684 it
178 3624 296 3684 indicia.
342 3627 433 3702 Atqui
456 3635 550 3687 mater
571 3643 638 3685 mea
660 3633 728 3686 tunc
751 3625 876 3688 redierat
897 3629 926 3686 iu
949 3625 1046 3687 locum
1072 3632 1243 3687 consuetum
1265 3630 1296 3684 in
1319 3623 1396 3685 Hai-

47 3711 154 3774 maden
177 3711 215 3771 ad
237 3712 326 3771 filiam
354 3731 450 3786 suam,
484 3723 517 3774 ut
542 3714 614 3790 iuga
643 3731 828 3791 nequaquam
856 3713 1073 3792 interpretanda
1103 3715 1141 3772 sit
1171 3713 1235 3791 ejus
1265 3711 1302 3772 ad
1332 3712 1395 3773 dies

46 3817 158 3881 paucos
181 3801 324 3872 absentia,
347 3803 516 3878 praesertim
539 3817 604 3860 cum
626 3799 707 3860 illam
723 3819 776 3879 per
791 3801 969 3863 ordinarium
993 3801 1177 3862 tabellarium
1193 3800 1394 3873 adamassem,

47 3907 115 3951 cum
134 3890 196 3964 jam
219 3887 257 3947 ab
279 3887 392 3964 aliquot
415 3891 499 3948 annis
521 3888 550 3947 id
573 3895 724 3964 ageretur,
755 3895 788 3949 ut
809 3891 873 3967 ipsa
896 3890 1002 3949 cedens
1025 3890 1276 3949 administratione
1300 3889 1396 3948 bono·

47 3995 112 4036 rum
134 3992 250 4034 suorum
277 3974 356 4052 opud
379 3994 425 4036 me
447 3977 539 4053 quieti
562 3991 594 4035 se
619 3973 716 4047 daret,
748 3993 814 4036 cum
841 3977 915 4036 nihil
936 3977 1090 4054 impediret
1120 3979 1177 4036 nisi
1200 3977 1397 4037 interveniens

47 4065 87 4125 lis
107 4063 237 4135 forensis,
262 4062 390 4123 studium
413 4064 508 4123 bonae
530 4063 626 4123 lamae
649 4071 679 4124 at
701 4081 768 4140 spes
791 4066 926 4125 instantis
949 4068 1081 4143 proxime
1104 4066 1254 4124 victoriae.

104 4174 108 4182 ¹
152 4151 261 4225 Frater,
285 4147 459 4228 indignitate
474 4151 872 4234 commotnspnssnatamm
888 4152 1014 4225 aedium,
1037 4151 1230 4231 proficiscitur
1244 4150 1282 4213 ad
1301 4166 1397 4210 meam

49 4245 168 4300 matrem
191 4240 220 4296 in
243 4237 409 4300 Haimaden
425 4245 475 4300 21.
492 4238 668 4298 Novembris
685 4255 779 4316 eaque
796 4242 900 4314 exeita,
923 4257 1036 4301 rursum
1059 4241 1154 4300 invita
1176 4246 1206 4299 et
1227 4238 1397 4310 reluctante,

54 4331 191 4406 properat
212 4325 250 4385 ad
273 4343 320 4385 me
341 4329 482 4402 venitque
503 4326 638 4385 Lincium
663 4321 728 4409 lim.
753 4326 825 4390 Deo.
1459 4335 1462 4342 ’

153 4413 245 4474 Vides
267 4413 402 4475 Encelllm
418 4415 479 4487 Vir,
503 4419 575 4490 quot
597 4411 681 4472 malis
705 4414 911 4475 conflictemur.
946 4422 974 4478 1.
989 4414 1154 4492 Litigamus
1176 4414 1206 4471 in
1221 4413 1283 4472 loro
1299 4410 1398 4471 multis

5 4501 10 4508 '
51 4499 215 4561 nominibus
236 4501 322 4561 nubis
344 4490 538 4562 incommodo.
579 4507 607 4564 2.
624 4500 751 4561 Ademta
774 4508 818 4563 est
840 4503 925 4562 nobis
947 4503 1081 4582 probatio
1103 4519 1156 4579 per
1177 4500 1322 4576 injuriam,
1344 4515 1399 4558 nee

51 4591 126 4650 euim
147 4605 247 4650 sumus
269 4589 422 4650 inhabiles.
462 4596 490 4652 3.
512 4587 683 4649 Praefectus
704 4588 892 4667 partialitatia
915 4592 944 4648 in
967 4598 1090 4666 utraque
1112 4587 1281 4650 adversaria
1302 4589 1399 4646 mani·
1418 4579 1434 4620 ,·
1474 4599 1476 4602 ·
1537 4615 1539 4622 κ
1591 4635 1593 4642 ,
1636 4545 1699 4605 ⁴⁴

52 4678 140 4738 leatus
162 4685 215 4738 est.
256 4683 283 4739 4.
300 4677 356 4738 Per
377 4693 520 4736 summam
542 4677 677 4752 injuriam
700 4679 851 4754 inquisitio
875 4684 919 4738 est
942 4679 1076 4739 instituta
1091 4677 1120 4734 in
1135 4683 1255 4736 matrem
1269 4669 1398 4758 (nequa-
1503 4723 1507 4734 t
1617 4667 1667 4724 ἶ·

53 4781 139 4842 quam
160 4763 272 4825 idoneis
295 4764 343 4826 vei
366 4765 577 4826 sufficientibus
599 4763 723 4837 indiciis,
748 4763 827 4840 quod
842 4763 971 4841 legitime
987 4766 1110 4842 probare
1124 4779 1281 4842 possumus
1300 4779 1398 4823 eoram

53 4853 121 4914 dato
139 4851 237 4931 iudice
260 4851 459 4931 intelligenti),
483 4855 512 4911 in
536 4869 595 4930 qua
617 4853 644 4912 si
666 4849 812 4914 adimatur
833 4853 920 4914 nubis
941 4853 1020 4914 dieta
1041 4853 1187 4931 probatio,
1210 4849 1399 4912 hauddubie
1503 4897 1507 4906 .
