3398 5426
527 365 958 438 chaumesiacum.
1270 356 1276 368 '
1354 369 1418 439 221
1523 373 1525 379 ’

55 542 178 606 iactum
202 551 254 620 est,
277 551 310 604 ut
332 545 361 603 in
377 541 486 622 buglis
508 552 538 606 et
555 543 660 606 Galliis
683 544 771 606 hodie
786 545 911 608 maxime
933 546 1070 608 sinistrae
1090 545 1186 606 lamas
1208 552 1366 624 tempestas
1390 547 1440 607 in*
1497 601 1498 608 ,

55 632 122 692 hoc
147 635 277 692 inrisum
292 633 459 692 ustionibus
480 632 538 693 illis
553 649 658 693 nomen
674 633 833 708 incumbat,
857 633 1064 694 occurrendum
1080 641 1125 694 est
1139 634 1251 695 homini
1267 635 1418 710 Britanno,
1516 649 1519 670 ¹
1600 651 1603 660 ¹
1620 613 1642 726 [³
1655 608 1699 695 uf:

53 737 187 780 suorum
209 721 394 797 popularium
415 721 470 780 sub
493 721 549 782 hoc
570 723 687 781 nomine
710 737 827 781 sensum
850 721 977 795 callenti,
1002 720 1165 782 interillos
1189 723 1344 796 scribenti,
1368 726 1418 801 qni

56 808 200 867 crebrius
223 807 259 868 de
280 807 452 886 pulverariis
474 808 696 885 proditionibus,
721 826 809 886 quam
825 807 860 869 tls
882 808 1026 870 chronicis
1049 810 1315 886 computationibus
1338 811 1419 889 lcqni

54 903 296 960 consueverunt.
340 895 441 971 Ehem,
466 913 483 956 o
506 896 656 971 Britanno,
1348 910 1351 921 '

302 982 372 1044 Non
394 1002 447 1060 ego
468 1001 538 1042 cum
560 983 683 1044 Danais
709 981 879 1058 Troianam
901 983 1073 1044 exscindere
1094 993 1211 1061 penum

300 1071 412 1130 Aulide
428 1074 556 1147 jaraai5
578 1089 641 1132 nan
663 1071 735 1131 haec
756 1075 791 1131 in
810 1073 937 1148 foedera
958 1074 1038 1130 veni.

54 1155 128 1216 Car
150 1157 242 1233 igitur
264 1159 445 1234 cognominis
467 1159 554 1234 hujus
577 1161 736 1220 acerbitate
759 1175 855 1219 meum
878 1175 944 1219 cum
968 1177 1026 1218 uno
1048 1158 1147 1235 aliquo
1171 1176 1206 1219 ex
1229 1157 1285 1218 hac
1307 1159 1418 1221 familia

55 1260 244 1305 consensum
267 1245 423 1320 ulcisceris,
446 1263 497 1305 cur
517 1245 694 1307 Jssuiticum
716 1245 858 1324 appellas,
882 1244 963 1322 quod
984 1246 1199 1308 Declreriunum
1221 1253 1252 1306 ct
1271 1249 1295 1305 si
1313 1250 1354 1308 ita
1376 1251 1419 1308 vis

54 1331 303 1409 Kepleriaoumi
339 1333 370 1392 Si
397 1334 493 1394 lahem
516 1334 596 1394 illem
619 1335 709 1394 nostri
737 1333 843 1407 seculi,
874 1337 900 1393 si
930 1350 1030 1411 regum
1060 1333 1195 1410 pericula,
1218 1350 1277 1394 aon
1306 1337 1418 1397 meliori
1480 1319 1505 1336 ’ζ
1531 1337 1550 1430 '⁴
1604 1353 1696 1418 ,t

53 1420 133 1496 jure
157 1419 320 1480 Jesuiticae
343 1419 490 1482 doctrinae
511 1422 648 1498 imputas,
672 1439 760 1498 quam
783 1421 859 1480 hanc
881 1422 1048 1498 opinionem
1063 1439 1158 1482 mesm
1174 1421 1419 1500 chronologicam,

58 1507 194 1568 damnas
216 1509 305 1586 igitur
326 1510 391 1585 ipsc
413 1509 490 1569 lacto
513 1527 649 1586 maguam
670 1517 781 1586 partem
805 1508 937 1570 odiorum
966 1514 1035 1570 tuae
1057 1513 1161 1586 gentis.
1207 1508 1266 1570 Sed
1288 1509 1360 1572 nibil
1383 1511 1421 1573 ad

57 1613 115 1655 me
138 1595 176 1654 lis
198 1597 272 1671 ista3
295 1593 334 1656 ad
355 1603 487 1673 tempora
508 1599 612 1657 venio:
634 1600 740 1672 incipe,
763 1597 918 1660 Damoeta.

174 1681 248 1759 Peg.
272 1689 302 1746 2.
349 1687 495 1764 „Annum
516 1687 604 1761 nepai
625 1684 768 1757 Heredis,
792 1703 852 1761 qao
873 1690 967 1744 natas
991 1682 1141 1758 onmem,
1165 1691 1312 1760 quotquot
1333 1687 1419 1745 inira
1444 1701 1446 1706 ·

59 1770 134 1829 500
157 1785 257 1832 manoe
278 1789 301 1830 a
316 1769 433 1832 Christo
454 1771 620 1849 definiuim
641 1776 881 1848 comperiantur,
904 1770 999 1832 aalide
1021 1771 1226 1848 quadriennio
1249 1781 1320 1832 ante
1335 1791 1420 1834 mar-

59 1865 129 1916 um
153 1857 283 1920 ΗΘΜ,
305 1859 469 1936 dfingpp„
491 1859 663 1922 videntur!
691 1860 768 1919 Mira
789 1859 909 1920 locustio.
942 1858 973 1918 si
995 1858 1094 1934 legisti
1117 1865 1251 1920 tutiores
1274 1869 1419 1937 q¹J0iqU0t
1474 1865 1475 1870 ¹
1536 1877 1545 1936 ζ
1581 1825 1699 1934 ζζ,

60 1943 275 2019 definiverunt,
298 1954 475 2024 comperiam
496 1965 557 2008 rem
578 1946 679 2016 habes,
703 1965 760 2007 nou
784 1963 859 2024 opas
881 1955 927 2007 est
948 1945 1085 2022 coniugio
1107 1946 1145 2006 sd
1161 1953 1244 2006 tuam
1257 1969 1291 2012 aa
1312 1949 1418 2022 videm,

1 2046 3 2056 ’
62 2035 116 2092 sin
140 2049 201 2091 nou
222 2034 331 2109 legisti,
352 2034 422 2111 quid
446 2051 555 2111 quaeso
578 2032 614 2094 de
637 2037 682 2109 iis,
707 2052 781 2111 qnos
804 2051 862 2094 non
884 2034 996 2112 legisti,
1017 2033 1109 2093 videri
1131 2035 1186 2094 tibi
1201 2034 1319 2111 potest?
1342 2034 1418 2095 Tum

63 2125 174 2180 antem
196 2137 349 2184 numerose
372 2122 499 2200 loquens
522 2121 557 2182 ds
579 2130 781 2182 numero'non
802 2139 926 2199 magno,
956 2121 1043 2180 lallor
1064 2137 1102 2181 aa
1133 2128 1190 2181 tres
1213 2121 1251 2182 ad
1273 2139 1419 2182 summum

63 2214 144 2267 sant
165 2216 219 2268 aut
241 2209 389 2285 quatuor?
426 2209 501 2270 Nam
523 2211 573 2286 qui
597 2219 797 2270 antecessores
819 2226 898 2283 suos,
922 2216 955 2268 ut
976 2208 1145 2282 Eusebium,
1164 2215 1337 2286 sequuntur,
1360 2227 1418 2272 uon

62 2295 246 2372 interposito
268 2313 323 2358 suo
342 2297 464 2373 judicio,
486 2314 637 2357 numerum
659 2299 678 2356 ii
701 2314 759 2357 non
781 2297 902 2358 iaciunt.
934 2297 1063 2373 Accepto
1079 2303 1186 2371 nmen,
1210 2313 1276 2357 esse
1290 2315 1326 2357 ex
1341 2299 1419 2358 anti-

64 2385 140 2459 quis
162 2386 209 2454 iis,
232 2387 283 2460 qui
305 2384 388 2444 velut
410 2403 445 2445 ox
468 2383 632 2458 traditione,
655 2401 713 2445 nun
737 2403 774 2445 ex
794 2385 1016 2445 ratiocinatione
1038 2382 1171 2458 referant,
1196 2382 1342 2444 Christum
1364 2403 1420 2445 us·

64 2481 135 2530 tum
158 2469 286 2532 Heredis
308 2490 387 2533 anno
410 2474 461 2534 33.
483 2475 573 2548 regni,
597 2480 630 2532 ut
652 2471 842 2551 Epiphanius,
867 2471 1025 2534 ridendum
1047 2473 1110 2547 erit,
1133 2469 1211 2532 unde
1233 2479 1265 2532 tu
1287 2471 1341 2534 hus
1364 2490 1420 2533 sn·

64 2575 125 2617 nco
150 2559 290 2636 incipias,
321 2576 358 2620 ne
380 2577 445 2620 eum
467 2568 498 2620 tu
521 2559 557 2620 de
580 2562 679 2637 caepis
707 2560 839 2634 labores,
868 2557 897 2618 hi
921 2565 1011 2620 testes
1033 2577 1053 2618 a
1074 2567 1105 2619 te
1133 2559 1253 2620 adducti
1282 2555 1319 2620 de
1347 2559 1419 2621 allio

62 2645 242 2722 loquantur.
283 2643 402 2708 Interim
425 2646 482 2708 boc
502 2664 559 2723 ego
581 2649 708 2723 spatium
730 2647 798 2723 lego
820 2649 907 2723 inque
930 2663 1028 2707 meum
1050 2663 1136 2706 usum
1160 2652 1308 2709 converto.
1344 2647 1420 2708 lietb
1483 2651 1509 2682 Ψ

64 2731 208 2794 Herodes
230 2733 346 2794 christis
368 2736 496 2812 regibus,
519 2735 556 2794 de
579 2735 686 2811 quibas
700 2735 885 2813 Epiphanius
907 2734 949 2816 (id
967 2741 1012 2794 est
1027 2733 1255 2815 machabaeis),
1279 2738 1421 2796 successit

64 2838 152 2882 anno
176 2827 205 2881 9.
221 2820 358 2898 Juliau03
382 2822 457 2883 adds
480 2829 520 2883 bi
534 2822 654 2898 solidos,
677 2826 799 2899 emergit
820 2839 938 2883 currens
954 2827 1005 2882 41>
1021 2819 1178 2896 ,lulianum
1201 2829 1233 2882 iu
1251 2839 1326 2883 sere
1349 2839 1420 2900 sep·
1524 2817 1537 2850 ³
1594 2804 1688 2915 i

64 2909 174 2968 tenuia
198 2919 266 2987 pest
286 2909 359 2971 lacis
374 2911 520 2970 Christum
534 2912 626 2985 assei,
650 2925 705 2986 ego
729 2926 787 2970 uno
810 2925 887 2970 auno
909 2916 1006 2984 antea,
1029 2907 1157 2987 Suslyga
1171 2909 1229 2972 hoc
1250 2911 1315 2988 ipsa
1331 2927 1418 2971 auno.

65 2995 179 3056 Testes
201 2999 291 3074 igitur
312 3017 331 3058 a
353 3005 381 3058 te
404 2997 536 3074 producti
558 2998 678 3075 propias
700 3015 720 3056 a
741 2999 847 3056 noeais
868 3004 949 3057 stam
969 2996 1113 3074 partibus.

177 3083 251 3160 Peg.
275 3091 303 3147 Β.
347 3085 530 3163 Epiphanio,
559 3083 698 3161 quiequid
721 3087 801 3161 agis,
832 3102 871 3144 ne
890 3085 1012 3144 nimium
1043 3084 1154 3144 tribuas
1176 3082 1305 3160 suadeo,
1336 3083 1419 3162 cujus

67 3169 321 3232 hallucinationes
341 3174 372 3230 in
395 3172 516 3234 historia
538 3181 700 3250 temporam
714 3172 822 3232 Christi
843 3189 880 3232 ue
896 3171 1013 3248 quidem
1028 3171 1102 3230 inter
1117 3170 1304 3248 allegandum
1319 3179 1418 3249 tegere

67 3265 158 3333 potes
180 3260 276 3320 nobis.
314 3259 421 3334 Vides,
444 3277 531 3337 quam
555 3258 704 3320 evidenter
727 3269 850 3335 utroque
871 3260 938 3320 loeo
960 3265 1023 3319 ste
1045 3258 1174 3334 allegato
1197 3259 1346 3321 Herodem
1370 3259 1419 3320 det
1482 3305 1484 3318 ,

66 3344 220 3405 Archelao
241 3346 333 3406 filium
354 3365 521 3424 perperam;
545 3355 614 3431 tunc
638 3346 833 3424 Epiphaniam
849 3346 987 3425 dosepho
1006 3361 1139 3424 oppones
1162 3348 1191 3404 iu
1206 3347 1263 3408 hac
1285 3347 1416 3423 historia,
1513 3425 1514 3432 ἵ
1595 3405 1630 3420 ζ

67 3436 262 3510 quantumvis
285 3434 480 3495 Christianum
502 3434 642 3496 Judaeo‘?

178 3521 251 3599 Peg.
275 3527 303 3584 4.
339 3522 494 3583 Biennium
515 3539 601 3583 suam
618 3522 798 3598 Epiphanius
819 3522 905 3582 nobis
926 3521 1050 3597 probam
1074 3522 1125 3598 qui
1147 3522 1274 3582 rationes
1299 3519 1416 3598 allegat,

68 3610 249 3670 anctoritate
265 3607 342 3670 cedit
359 3613 449 3674 testis.
479 3611 568 3672 Teste
583 3609 748 3688 Epiphanio
771 3625 829 3669 non
850 3611 959 3686 poteris
981 3610 1033 3682 uti,
1056 3611 1184 3669 rationes
1206 3609 1417 3688 expendamus,

68 3713 149 3774 quss
178 3696 296 3773 allegat.
341 3695 382 3757 Ut
403 3697 514 3760 Lucam
542 3696 678 3758 conciliet
703 3697 856 3758 Matthaeo
887 3698 963 3756 circa
994 3698 1225 3757 circumstantias
1255 3699 1418 3758 nahuitstis
1484 3733 1485 3736 =
1587 3663 1699 3770 νζζζ

69 3785 192 3859 Christi,
216 3785 364 3845 biennium
385 3776 521 3847 statuit'a
535 3785 688 3846 Matthaee
702 3787 899 3863 praeteritum,
923 3783 959 3842 ds
976 3783 1094 3844 hiennio
1108 3792 1249 3861 provocat
1264 3784 1302 3845 ad
1317 3785 1418 3846 Eran-

67 3871 191 3949 geliuna
235 3871 396 3934 Commune
418 3881 619 3951 argumentum
642 3881 700 3933 est:
725 3872 771 3934 sal
796 3873 873 3933 culm
900 3879 1024 3932 testatur
1046 3871 1240 3949 Evangelium
1269 3874 1357 3934 etiam
1381 3871 1417 3934 de

69 3960 194 4020 biennio
217 3962 323 4021 aetatis
345 3963 443 4038 pueri,
472 3961 519 4021 vel
543 3969 655 4022 tantum
678 3960 715 4022 de
734 3959 786 4020 illo
808 3961 935 4033 biennio,
958 3975 993 4018 ea
1015 3976 1075 4036 qao
1098 3959 1185 4022 stella
1207 3963 1359 4038 apparuit,
1389 3969 1419 4021 et

69 4045 208 4109 Herodes
231 4046 348 4124 quidem
371 4051 497 4108 incertus
519 4049 582 4122 luit,
606 4047 758 4108 anniculus
772 4065 810 4110 au
826 4047 955 4106 bimulus
977 4054 1063 4123 esset,
1087 4049 1134 4108 cai
1156 4046 1357 4123 insidiabatur,
1381 4065 1418 4108 an

69 4137 316 4211 paucissimorum
343 4135 468 4211 dierum,
498 4151 598 4196 omnes
623 4137 714 4211 igitur
744 4133 859 4196 occidit.
905 4135 1002 4211 Atque
1024 4149 1079 4195 nes
1108 4136 1196 4196 etism
1218 4154 1254 4196 ex
1276 4138 1341 4213 ipsa
1364 4135 1418 4197 de·

69 4224 231 4299 scriptione
253 4225 426 4301 evangelica
446 4225 516 4284 lacti
532 4222 658 4284 Herodis
679 4224 854 4300 ambigentis
870 4222 1018 4299 ambigere
1042 4229 1071 4283 et
1092 4225 1183 4300 ipsos,
1206 4241 1258 4301 per
1278 4223 1335 4284 hoc
1351 4226 1419 4300 qui-

70 4307 140 4370 dem
163 4320 382 4388 argumentum,
405 4327 525 4372 amessa
546 4317 600 4372 est.
645 4310 771 4371 Rursum
794 4325 977 4386 magnanon
1000 4309 1128 4372 adfuisse
1149 4314 1225 4371 intra
1247 4311 1309 4370 dies
1330 4328 1419 4388 puer-

68 4399 154 4475 perii,
177 4415 238 4458 nen
259 4400 364 4476 probat
386 4401 643 4460 scincumstsntiis
664 4399 722 4460 loci
744 4398 828 4473 aliis3
850 4397 946 4458 Maria
967 4399 997 4456 in
1019 4397 1106 4459 domo
1119 4399 1190 4475 jam,
1213 4415 1272 4459 non
1287 4400 1317 4456 iu
1332 4416 1418 4475 prac-

70 4489 146 4563 sepi.
192 4485 304 4547 Probat
325 4503 412 4562 sane,
431 4505 494 4548 non
517 4486 619 4548 cadom
642 4492 726 4546 noete
748 4503 852 4563 magos
874 4485 1009 4560 elisisse,
1034 4503 1095 4563 qua
1115 4495 1202 4547 natus
1226 4485 1366 4558 Christus,
1389 4493 1420 4546 at

71 4573 110 4634 de
134 4574 252 4634 biennio
275 4575 435 4652 interlapso
457 4593 516 4636 nou
538 4576 653 4652 probat.
700 4575 737 4633 Et
760 4591 835 4650 qaae
859 4590 949 4633 causa
969 4571 1082 4635 Mariae
1105 4581 1173 4651 post
1193 4574 1342 4634 biennium
1366 4591 1419 4634 ex-

70 4662 222 4738 spatiandi
243 4679 310 4724 cum
331 4663 430 4740 puelle
453 4681 488 4724 ex
502 4661 647 4722 Nasaretb
669 4663 699 4720 in
713 4660 873 4736 Bethleem,
897 4678 974 4738 quse
996 4678 1054 4720 uon
1076 4667 1138 4722 erat
1160 4663 1190 4719 in
1211 4663 1314 4721 itincre
1329 4660 1418 4722 Jerc-
1449 4665 1452 4672 ’

70 4748 241 4827 solymam?
279 4749 397 4826 Quanto
419 4749 599 4828 probabilius
623 4766 659 4810 ex
674 4749 763 4823 Luca,
787 4747 960 4810 duodecimo
984 4747 1098 4810 demum
1114 4749 1219 4810 astans
1243 4763 1329 4826 auno,
1351 4757 1419 4828 post
1450 4745 1457 4758 “

70 4837 305 4915 pmificadouem
325 4837 450 4915 Marias,
472 4836 578 4900 Jesum
599 4836 759 4922 adducmm
780 4835 976 4916 ierosolyma
