3398 5426
289 399 355 487 184
647 393 821 454 conecunea
838 410 873 452 ex
890 393 1029 454 codicibus
1047 394 1286 454 emorrannum.
1404 447 1409 457 ,

283 582 323 641 eit
351 581 437 656 quasi
467 579 618 656 proportio
650 575 850 654 aequalitatis.
897 573 1066 636 Admittunt
1093 583 1191 638 tamen
1220 576 1280 638 duo
1308 576 1413 638 ultima
1442 574 1647 648 variationem,

284 677 395 746 puncto
417 681 533 742 comper
562 665 684 738 codem,
715 664 874 724 admittunt
906 671 1004 726 tamen
1034 679 1093 723 non
1115 663 1154 724 ad
1176 671 1316 741 punctum
1346 661 1456 724 collata
1478 679 1535 724 nec
1554 661 1594 722 ad
1616 679 1648 724 aa

283 763 403 826 mutuo,
437 753 491 816 aed
515 751 553 813 ad
576 755 625 814 aui
644 752 768 825 similia,
796 767 887 812 causa
916 750 1118 826 longitudinis.
1163 751 1213 814 Slc
1237 752 1362 830 sphaera
1385 769 1445 812 una
1468 759 1515 810 cat
1537 758 1567 810 et
1588 766 1646 809 non
1694 775 1695 792 ι

285 859 355 906 nne.
400 840 468 902 Una
489 839 663 914 formaliter,
686 856 744 900 non
768 857 827 898 unu
848 839 1048 899 materialiter.
1093 838 1182 900 Nulla
1204 839 1253 900 hic
1274 842 1439 916 generatio,
1462 840 1522 897 nlsi
1544 837 1649 898 fictitia

286 941 315 992 et
338 935 513 989 monstrosa.
561 929 605 987 lix
636 929 737 1004 puncti
769 925 807 985 ad
837 933 977 1002 punctum
1008 925 1088 985 fluxu
1119 928 1293 988 brevissimo
1317 935 1362 987 eat
1383 933 1463 986 recta
1484 925 1582 1001 linea;
1612 943 1648 986 ex

283 1019 379 1078 lineae
404 1036 422 1076 a
444 1015 560 1076 duobus
582 1014 621 1076 ad
644 1032 734 1074 uuum
757 1021 897 1090 punctam
920 1013 1001 1073 llurn
1025 1015 1199 1076 brevissimo
1230 1021 1275 1074 eat
1296 1013 1463 1092 superficies
1487 1023 1584 1086 recta,
1613 1031 1645 1073 ex

283 1103 449 1182 superficiei
471 1121 490 1162 a
513 1109 531 1164 8
557 1105 672 1181 punctis
695 1100 733 1162 ad
756 1119 847 1162 unum
868 1101 950 1162 lluau
972 1108 1017 1162 est
1040 1117 1156 1179 corpus.
1202 1102 1245 1162 Ex
1267 1101 1410 1164 linearum
1432 1103 1647 1162 sectioneruut

287 1191 398 1268 angarii.
444 1189 542 1252 Sentio
575 1192 733 1268 praecipua
760 1199 806 1250 cst
834 1188 1132 1266 perpendicularium,
1164 1203 1230 1250 cum
1260 1189 1360 1267 anguli
1388 1189 1461 1248 fiunt
1494 1187 1644 1264 aequales.

284 1279 354 1342 Jam
377 1286 466 1338 antea
489 1295 558 1338 vero
582 1277 731 1355 planitiem
755 1277 968 1336 substravimus
998 1276 1196 1354 qualicunque
1225 1276 1307 1337 lluxu
1328 1277 1426 1338 lineae
1449 1294 1469 1337 a
1493 1277 1646 1352 upunetia

286 1367 323 1427 ad
348 1383 455 1439 unum,
487 1372 569 1424 extra
598 1365 705 1424 lineam
736 1363 875 1437 duorum,
907 1370 941 1424 ut
962 1363 1130 1442 superficies
1160 1373 1240 1424 reeta
1271 1367 1309 1425 sit
1338 1368 1413 1424 intra
1432 1366 1489 1422 aia
1513 1361 1644 1439 ejusdem

283 1455 380 1514 lineae
403 1459 522 1530 puncta.
567 1449 671 1511 Omnis
693 1453 782 1527 igitur
805 1450 927 1512 duarum
950 1450 1093 1512 linearum
1115 1451 1242 1528 angulus
1265 1459 1310 1512 est
1331 1453 1360 1510 in
1384 1459 1463 1512 certo
1487 1449 1589 1528 plano.

394 1542 467 1600 Cum
490 1556 548 1598 non
572 1548 748 1600 concurrant
769 1547 867 1602 rectae
889 1540 985 1600 lineae
1008 1541 1036 1598 io
1060 1537 1165 1600 eodem
1187 1538 1285 1617 plano,
1308 1539 1444 1600 dicuntur
1464 1537 1643 1616 parallelae:

289 1645 359 1707 ergo
383 1628 480 1687 linoae
503 1627 599 1688 duros
621 1627 698 1700 talis,
722 1632 853 1702 atquae
876 1626 940 1688 fluit
962 1635 1080 1686 maneat
1101 1627 1292 1688 intercalari
1308 1625 1478 1704 parallelos,
1503 1625 1645 1704 regularia
1694 1671 1696 1680 ι

292 1727 346 1777 est.
386 1715 460 1776 Cum
483 1721 580 1774 autern
603 1715 692 1774 etiam
715 1721 845 1774 extrema
866 1713 963 1774 linens
985 1715 1078 1774 flnnnt
1100 1730 1152 1792 per
1174 1712 1427 1792 perpendiculares
1449 1714 1525 1786 baal,
1548 1719 1644 1772 rectus

291 1807 379 1864 etiam
401 1803 498 1862 tinans
521 1809 575 1862 est.
620 1802 755 1879 Denique
779 1819 845 1860 cum
868 1800 1122 1880 perpendiculares
1153 1806 1221 1862 suot
1243 1819 1340 1878 aeque
1360 1802 1467 1879 longao
1490 1801 1597 1861 liuenti
1617 1809 1647 1860 et

290 1893 363 1966 basi,
386 1889 481 1967 figura
503 1888 721 1966 regularissima
742 1891 878 1966 gignitur.

390 1975 500 2036 Omnes
524 1975 695 2052 regulariter
716 1984 873 2054 generatae
895 1983 964 2036 srrnt
985 1973 1201 2052 quadrilaterae
1223 1983 1252 2036 el
1273 1974 1507 2052 quadrangulae.
1544 1975 1646 2036 Dran

283 2083 335 2146 per
357 2067 509 2143 oppositos
532 2065 658 2138 angulos
680 2065 759 2124 linea
782 2063 889 2126 dividit
910 2062 991 2124 illam
1014 2065 1043 2122 ln
1066 2063 1204 2140 aequalia
1224 2063 1295 2124 bina
1317 2061 1473 2139 niangula,
1496 2080 1579 2138 quae
1594 2077 1644 2141 pra

283 2155 426 2214 uarietate
449 2159 655 2230 generatorum
688 2160 758 2211 sunt
785 2153 875 2212 varia.
919 2147 964 2210 Ex
993 2151 1147 2226 triangulis
1174 2158 1389 2229 componuntnr
1411 2150 1645 2228 quinquangnla,

285 2240 449 2317 sexangula
474 2247 529 2300 cto.
553 2241 582 2297 in
605 2239 748 2298 inlinitum
772 2256 875 2315 nsque,
899 2255 994 2314 eaque
1015 2237 1133 2314 singula
1155 2241 1303 2300 rariorum
1324 2255 1473 2316 generum.

386 2327 471 2388 Haeo
486 2335 532 2386 est
545 2329 662 2402 genesis
677 2327 846 2404 planorum3
869 2333 938 2387 sunt
953 2327 1030 2386 enlm
1046 2328 1101 2386 tria
1115 2341 1241 2401 generar
1263 2333 1411 2403 generata,
1432 2327 1534 2394 recisa,
1560 2341 1646 2386 com·

282 2418 391 2493 posita.
438 2412 631 2473 Pulchritudo
655 2420 684 2474 et
706 2416 792 2491 quasi
814 2415 909 2474 lorma
929 2430 1030 2474 eornm
1053 2423 1098 2474 ost
1120 2431 1157 2472 ex
1179 2415 1298 2474 circulo.
1336 2415 1386 2474 liit
1408 2412 1552 2486 circulum
1578 2430 1646 2474 cnm

282 2504 373 2580 plano
395 2507 513 2562 secatur
534 2501 669 2578 sphaera.
715 2501 816 2562 Pauca
838 2500 952 2577 aliquot
975 2500 1085 2562 habent
1107 2517 1191 2560 suam
1213 2501 1430 2580 regularitatem
1453 2517 1488 2560 ex
1511 2503 1646 2576 eorpori-

283 2592 348 2662 bus,
373 2606 450 2666 quac
473 2587 620 2652 daudnnt.
657 2588 760 2648 Potius
783 2589 861 2650 enim
883 2604 1007 2666 camora
1028 2588 1139 2648 iaciunt
1153 2587 1242 2666 plana
1263 2588 1417 2667 regularia,
1441 2605 1529 2665 quam
1552 2597 1590 2648 nt
1609 2605 1645 2648 ea

283 2676 380 2755 planis
402 2676 475 2736 liant
496 2675 592 2737 aulida
615 2676 771 2752 regularia.

389 2761 463 2824 Cum
486 2761 607 2840 planum
629 2762 718 2841 plano
741 2762 914 2840 parallelum
936 2769 1036 2824 manet
1057 2763 1087 2822 in
1109 2763 1206 2837 fluxu,
1237 2761 1410 2839 regulariter
1432 2770 1544 2824 creatur
1568 2761 1646 2822 auli·

287 2852 374 2932 dum5
399 2869 465 2911 oum
487 2851 551 2910 fluit
566 2850 852 2928 perpendiculariter,
875 2857 985 2912 rectum
1007 2849 1197 2927 liteolidum3
1220 2865 1287 2912 cum
1301 2849 1529 2928 quadrilaterum
1550 2867 1646 2928 regn·

284 2940 356 3014 lare,
380 2939 593 3016 aequilaterum
617 2945 647 2999 et
668 2937 897 3015 aequiangulum
924 2939 989 2999 fluit
1014 2945 1074 2998 tum
1103 2939 1179 3009 ulte,
1210 2955 1300 3015 quam
1328 2937 1450 3014 longum
1479 2946 1525 2998 eat
1551 2937 1644 3010 laum,
1697 2983 1698 2990 ι

285 3044 391 3105 corpus
414 3032 529 3087 creator
561 3027 691 3086 omnium
712 3025 977 3103 regularissimnm,
1008 3025 1088 3102 quod
1110 3027 1228 3086 cubus
1256 3033 1311 3086 est.
1356 3025 1458 3086 Cubus
1479 3026 1526 3098 (et
1545 3024 1644 3101 talia),

284 3124 382 3176 sectus
404 3113 504 3191 plano,
528 3111 659 3173 coditio
681 3111 739 3174 duo
761 3115 905 3189 priamata
927 3113 1074 3190 aequalia.
1112 3113 1227 3174 Priame
1248 3113 1326 3174 binis
1349 3112 1560 3190 superficiebus
1576 3130 1644 3174 sao·

285 3211 347 3262 tum
370 3205 400 3262 in
423 3209 482 3260 tres
504 3199 582 3260 cadit
603 3200 771 3278 pyramidas
800 3200 1035 3277 triangulihaaes.
1080 3199 1124 3260 Ex
1146 3200 1349 3278 pyramidibus
1378 3199 1643 3277 triangulibasibua

283 3293 359 3350 rarii
382 3295 595 3364 componuntur
617 3287 785 3366 pyramides
806 3287 1088 3364 multangulibases,
1120 3305 1156 3348 er
1177 3287 1224 3349 his
1244 3295 1275 3350 ct
1297 3287 1356 3348 lllia
1385 3288 1513 3364 denique
1539 3287 1643 3348 multi·

284 3378 375 3457 plana
397 3393 529 3453 corpora.

390 3463 466 3524 Sunt
488 3471 584 3522 tamen
608 3468 638 3523 et
659 3464 804 3523 sectiones
825 3461 903 3522 aliae
926 3469 957 3522 et
970 3463 1209 3538 compositiones,
1233 3463 1393 3538 exquibus
1409 3464 1644 3539 orinnlnrregu·

284 3552 360 3612 laria
381 3549 486 3612 solida.
533 3550 608 3610 Cum
630 3555 756 3626 quatuor
778 3565 836 3609 nou
859 3551 987 3626 oppositi
1011 3551 1079 3610 cubi
1101 3549 1203 3626 anguli
1218 3558 1388 3610 resecantur
1408 3552 1461 3624 sio,
1484 3559 1519 3610 ut
1533 3555 1643 3612 aectin-

284 3658 338 3700 nes
359 3642 389 3698 in
413 3646 431 3699 4
454 3638 576 3714 reliquia
598 3635 715 3714 angulis
738 3645 927 3709 concurrant,
954 3644 1047 3697 restat
1073 3635 1208 3714 regulare
1236 3640 1380 3710 excisum,
1412 3637 1495 3714 quod
1522 3647 1643 3698 tetra·

285 3727 405 3788 lidron
427 3725 541 3788 dicitm.
587 3723 623 3783 ld
645 3727 752 3802 tegitur
775 3723 904 3800 undique
927 3726 955 3782 in
979 3726 1064 3798 cabo,
1087 3725 1201 3785 liabens
1223 3723 1348 3802 angulos
1370 3727 1401 3782 in
1424 3726 1493 3786 cubi
1517 3726 1642 3802 angulis,

205 3831 207 3841 ’
285 3815 379 3874 latera
402 3817 431 3872 in
454 3812 521 3872 cubi
544 3811 650 3887 planis.
697 3811 770 3870 Cum
792 3811 870 3872 idem
893 3811 985 3870 cubus
1009 3818 1026 3872 6
1050 3813 1207 3888 prismatie,
1232 3813 1297 3872 baal
1319 3811 1475 3889 quadrata,
1499 3811 1641 3873 interilum

284 3903 386 3962 ceteris
408 3899 509 3960 lateris
532 3900 562 3957 in
576 3899 639 3958 basi
660 3899 792 3976 partibus
814 3899 974 3974 maioribus
997 3901 1113 3973 tegitur,
1136 3899 1170 3958 lit
1183 3899 1317 3977 regulare
1332 3903 1541 3976 compositum,
1564 3897 1642 3977 qnod

284 3985 549 4050 doneeaodron
583 3985 695 4044 dicitur.
742 3985 842 4045 Cuhua
868 3986 926 4046 hoc
955 3987 1062 4062 tegitur
1091 3988 1221 4064 undique
1250 3995 1280 4047 et
1308 3987 1404 4048 latera
1433 3987 1503 4048 cubi
1524 3988 1644 4065 singula

242 4143 249 4163 Ι
283 4077 405 4135 suntin
436 4072 560 4147 singulis
590 4071 764 4132 dodecaddri
794 4072 904 4150 planis,
932 4071 1093 4150 angulique
1121 4076 1151 4132 in
1180 4075 1308 4151 angulis.
1354 4073 1440 4136 Haeo
1472 4091 1544 4152 ergo
1572 4085 1640 4136 suut

285 4164 424 4240 primaria
438 4157 598 4236 regularia:
623 4167 801 4236 generatum,
818 4167 978 4234 exsectum,
994 4163 1197 4238 compositum,
1213 4160 1315 4239 anguli
1329 4165 1409 4236 recti,
1427 4164 1516 4236 acuti,
1535 4163 1640 4224 obtusi.

393 4247 434 4305 Αι
457 4261 523 4304 oum
545 4246 631 4304 trium
661 4245 764 4305 horum
793 4254 892 4306 contre
918 4249 1005 4307 rectis
1034 4255 1261 4322 connectuntur,
1292 4249 1402 4324 rejecto
1424 4249 1572 4327 quidquid
1595 4259 1638 4310 eat

286 4335 363 4395 ultra
386 4334 497 4405 lineas,
529 4333 661 4391 oriuntur
689 4336 747 4393 tria
767 4332 941 4394 secundaria
963 4334 1123 4410 regularia,
1154 4344 1251 4395 tamen
1279 4343 1310 4396 et
1332 4337 1397 4412 ipsa
1419 4337 1530 4414 angulo
1553 4347 1640 4410 recto,

288 4429 385 4495 acuto,
410 4421 532 4480 obtuso:
564 4418 1183 4498 quadrilaterangulnm‚·trilaterangalum,
1206 4423 1564 4501 quinquelalerangnlnm,
1589 4441 1642 4485 no·

286 4508 469 4581 taddron,
499 4506 747 4581 tetraddron,
775 4506 1018 4569 icoaaedron.
1062 4509 1112 4570 Sic
1140 4509 1217 4572 redit
1244 4520 1396 4572 exsectum
1422 4514 1453 4572 in
1483 4530 1516 4574 se
1548 4515 1639 4590 ipsum

291 4595 422 4674 fiuntque
442 4610 564 4654 numero
588 4598 607 4654 5
630 4593 784 4670 regularia.

395 4683 439 4742 lix
462 4683 672 4758 compositione
694 4680 817 4742 laterum
841 4682 974 4742 binorum
996 4682 1181 4744 sociabilium
1195 4687 1225 4746 iu
1241 4682 1440 4748 decusslm'et
1462 4689 1642 4750 oonteetioue

289 4769 353 4830 rire
376 4771 512 4832 auctione
541 4787 593 4848 per
614 4768 782 4850 pyramidas
805 4769 924 4832 basibus
947 4773 1150 4851 cognomines,
1181 4775 1314 4834 oriuntur
1335 4773 1485 4836 rlromlri
1512 4777 1642 4854 proximo
