3436 5416
912 347 1036 403 Carmina
1056 346 1204 402 Solemnia.

552 566 553 569 =
637 530 757 593 Scilicet
779 529 924 589 hieratio
947 527 1055 587 validis
1078 530 1238 606 compescit
1259 529 1382 591 habenis

728 618 858 678 Affectus
881 616 980 676 subita
1002 615 1166 677 mobilitate
1189 633 1292 693 vagos.

641 704 667 766 Ο
691 705 762 766 milri
784 712 846 765 tam
868 702 956 780 longe
979 711 1097 764 maneat
1119 722 1188 782 pars
1211 704 1315 765 ultima
1338 706 1425 781 vitae,

724 793 788 855 Nec
810 808 936 869 praecox
960 790 1067 851 (llotho
1091 809 1225 868 rumpere
1247 793 1297 852 fila
1319 801 1411 870 paret,

640 878 680 943 Ut
702 887 762 942 tete
786 879 882 939 officio
904 876 1022 939 videam
1046 879 1203 939 succedere
1225 882 1326 956 petris,

727 966 917 1043 Consilioque
940 975 1022 1026 tuum
1045 983 1133 1043 posse
1153 967 1261 1043 juvare
1284 966 1397 1027 ducem.

640 1057 706 1116 Non
729 1063 790 1115 tum
811 1056 977 1127 noctivagis
1001 1053 1098 1113 decori
1122 1063 1167 1114 est
1189 1054 1313 1115 Phoebe
1336 1071 1424 1114 aurea
1447 1052 1545 1130 stellis,

728 1141 824 1219 Quam
846 1148 915 1201 tuus
938 1144 966 1199 ln
989 1149 1089 1201 nostra
1111 1148 1199 1218 gente
1221 1144 1327 1203 nitebit
1346 1142 1451 1201 honos.

640 1231 730 1292 Plora
752 1236 890 1308 peraturo
913 1230 1003 1306 gemit
1025 1230 1101 1289 intra
1122 1229 1254 1306 pondera
1277 1232 1375 1290 cervix

729 1317 879 1393 cruraque
903 1319 1017 1376 succiso
1040 1315 1152 1395 poplite
1174 1318 1252 1377 leasa
1274 1317 1385 1377 labant.

531 1421 536 1425 ’
639 1407 677 1466 Et
696 1406 758 1483 jam
781 1421 858 1481 quae
882 1402 993 1464 claudit
1015 1404 1102 1478 latua,
1127 1421 1226 1464 aurem
1249 1405 1334 1465 vellit
1355 1405 1450 1464 amice

728 1492 830 1569 Teque
852 1507 958 1550 manus
981 1491 1076 1568 epulis
1099 1508 1209 1567 sponso
1230 1492 1369 1552 adhibere
1389 1492 1482 1568 jubet.

644 1580 748 1657 Perga,
770 1595 825 1639 nee
847 1578 984 1656 impedio,
1008 1578 1060 1638 sed
1083 1579 1163 1638 lueto
1187 1579 1287 1640 vivida
1309 1580 1403 1653 vultu,

730 1667 773 1727 Ne
796 1675 825 1727 te
847 1666 937 1741 bujua
960 1665 1058 1726 dicent
1080 1668 1261 1743 poenituisse
1284 1684 1392 1727 morae.

645 1754 729 1815 Alme
752 1755 844 1829 Deua,
867 1758 917 1830 qui
941 1753 1077 1813 clementi
1099 1755 1175 1830 regis
1198 1756 1296 1815 omnia
1317 1763 1399 1827 nutu,

729 1841 905 1919 conjugium
928 1841 985 1900 hoc
1007 1847 1090 1900 tanta
1112 1845 1306 1919 prosperitate
1327 1843 1427 1915 beans,

642 1929 732 1990 Effice
754 1947 792 1991 ne
815 1929 891 1989 desit
913 1928 1040 2001 soboles,
1065 1945 1142 2004 quae
1165 1929 1291 2006 denique
1313 1937 1419 1990 restat:

731 2016 865 2090 Caetera,
890 2024 919 2074 tc
942 2015 1054 2091 pridem
1077 2033 1198 2076 munera
1221 2017 1317 2089 dante,
1342 2022 1449 2077 tenent.

641 2104 692 2166 Sic
714 2114 766 2165 tua
787 2103 829 2163 nil
854 2110 966 2162 metuat
987 2101 1100 2178 rigidos
1121 2104 1253 2165 Ecclesia
1276 2105 1396 2177 Turcas,

729 2190 921 2251 Pontidoiavs
944 2206 1058 2266 graves,
1082 2207 1156 2266 quas
1176 2193 1250 2268 jacit
1273 2209 1332 2265 ore,
1356 2194 1457 2250 minas.

648 2279 685 2338 ut
707 2296 762 2338 vos
785 2279 916 2354 conjugii
939 2278 1039 2336 stabili
1061 2278 1148 2337 modo
1171 2279 1288 2340 loedere
1307 2280 1412 2355 juncti,

730 2366 853 2444 Sponsa,
877 2372 927 2424 tuo
951 2366 1082 2441 imperio,
1106 2365 1230 2443 Sponsa,
1253 2374 1304 2426 tuo
1329 2368 1480 2443 obsequio,

644 2453 746 2514 Viuite
770 2451 938 2525 concordes,
962 2451 1055 2512 donec
1078 2457 1218 2514 maturior
1240 2455 1324 2514 annis

730 2541 844 2601 lnflciat
866 2542 965 2617 nigras
988 2539 1057 2599 alba
1080 2549 1199 2602 senecta
1212 2550 1330 2601 comus.

998 2662 1120 2722 Finis.
