3478 5424
298 960 302 970 a

356 1011 360 1020 ι

397 1075 727 1218 llll'lllilllll
771 1078 1125 1222 ttttntctttt
1171 1077 1591 1220 imitatricis
1700 1152 1706 1164 ·

334 1307 336 1312 Ι
371 1341 574 1433 Libellus
609 1343 665 1434 de
693 1346 829 1456 facie,
864 1377 978 1465 quac
1012 1357 1058 1436 in
1089 1349 1198 1438 orbe
1230 1345 1388 1435 Lunae
1420 1353 1616 1462 apparet

319 1560 501 1649 ligraeco
539 1561 673 1636 lacunis
715 1565 872 1654 plurimis
908 1566 1101 1638 deformato
1139 1564 1245 1638 iatine
1281 1563 1455 1648 redditur,
1496 1561 1661 1634 annotatis

190 1741 191 1746 ,
320 1667 366 1738 ad
402 1668 591 1754 marginem
629 1668 838 1744 lectionibus
875 1673 1076 1760 interpretis
1113 1670 1250 1761 jndicio
1292 1669 1601 1752 emendatioribus,
1633 1673 1660 1734 et

321 1773 498 1864 plerisque
526 1774 560 1845 in
589 1774 722 1847 lacunis
750 1776 933 1866 suppletus
962 1777 1173 1868 conjecturis
1209 1776 1430 1847 camaleria
1459 1781 1494 1845 et
1523 1775 1661 1845 circom-

320 1880 456 1949 stantiis
491 1897 719 1968 personarum
754 1882 970 1974 loquentium
1004 1882 1135 1968 ductis,
1170 1882 1298 1972 passim
1332 1883 1436 1954 etiam
1472 1880 1565 1950 notis
1595 1877 1661 1949 iilo·

284 1996 287 2002 ’
318 1989 457 2054 stratos.
512 1986 645 2076 Estque
673 1987 894 2074 lacunarum,
933 2007 1020 2079 quas
1049 1987 1188 2058 codices
1216 1988 1369 2058 hiatibus
1397 1986 1573 2069 indicant,
1611 1984 1662 2053 im·

200 2183 202 2186 ⁸
318 2091 479 2179 pletionis
506 2087 690 2181 signum(
743 2087 782 2182 );
820 2113 908 2184 quas
936 2112 1019 2165 vero
1048 2092 1249 2183 conjectura
1276 2093 1350 2164 sola
1379 2091 1572 2179 arguebat,
1608 2103 1662 2159 cae

185 2195 187 2206 ’
710 2211 853 2286 scriptura
877 2208 995 2272 diversa
1024 2206 1168 2270 curatae
1195 2205 1275 2272 sunt

663 2439 1336 2586 ronnnn'nnccnnno

750 2691 755 2702 ,
870 2636 1122 2692 Mathematiao.

426 2933 545 2993 initium
567 2933 659 2994 libelii
687 2935 778 2997 deest.
824 2935 956 3014 Apparet
977 2946 1076 2998 autem
1099 2955 1134 3000 ex
1157 2943 1309 3010 contexto,
1339 2934 1455 2991 initium
1478 2949 1544 2994 osse
1567 2931 1670 2990 laetam

322 3041 341 3082 a
363 3025 558 3099 promissione
580 3022 698 3082 tabulae
722 3023 757 3082 da
781 3023 982 3085 Daemooibns
1005 3026 1184 3098 Latiaribus,
1212 3041 1300 3100 quam
1324 3019 1456 3098 Syllae
1480 3022 1582 3078 tribuit
1602 3017 1671 3076 Plu-

324 3110 451 3169 torchus.
482 3109 515 3168 Ei
541 3125 609 3168 aero
632 3109 806 3169 Plutarchus
830 3111 1019 3172 interlocutus
1042 3116 1139 3172 variae
1162 3112 1237 3171 dixit
1258 3127 1323 3170 esse
1345 3107 1588 3184 philosophorum
1611 3105 1671 3181 opi·

247 3201 254 3218 “
322 3200 425 3256 niones
450 3195 485 3254 de
508 3195 610 3255 Lunae
633 3197 754 3256 maculis
778 3199 983 3276 quaesivitque
1006 3217 1040 3258 ex
1062 3200 1160 3278 Sylla,
1183 3217 1252 3257 nram
1274 3197 1391 3274 placeat
1413 3194 1490 3278 illas
1505 3197 1584 3272 prius
1606 3209 1671 3252 exs-

324 3283 437 3343 mioari.
482 3283 625 3344 Notentnr
647 3285 736 3360 igitur
757 3302 909 3361 personae,
931 3281 1007 3362 onas
1030 3287 1187 3347 introducit
1207 3279 1398 3354 Plutarchus,
1432 3289 1462 3342 et
1485 3300 1574 3359 quam
1595 3281 1672 3356 quis·

323 3389 380 3448 que
403 3378 512 3431 sectam
534 3363 705 3448 profiteatur
727 3390 853 3447 quamve
877 3375 1042 3450 opinionem
1066 3374 1102 3435 de
1124 3372 1246 3434 maculis
1269 3371 1372 3431 Lunae
1394 3368 1543 3431 defendat.

430 3465 457 3517 1.
482 3457 502 3517 S
511 3457 608 3534 ylla,
632 3459 760 3518 tabulam
784 3459 914 3520 dicturus
937 3471 990 3521 est.
1059 3448 1065 3461 ’

429 3549 459 3609 2.
482 3545 714 3604 Plutarchus
737 3554 782 3605 est
804 3549 855 3622 qui
877 3547 1008 3623 loquitor
1029 3549 1058 3605 in
1074 3564 1199 3624 persona
1213 3549 1307 3624 prima
1330 3546 1441 3620 quique
1465 3543 1588 3606 aliarum
1609 3558 1673 3619 per·

326 3649 462 3692 sonarum
494 3649 642 3690 sermones
665 3640 881 3693 commemorat.
925 3635 995 3711 Ipse
1018 3634 1159 3708 defendit,
1190 3633 1321 3693 maculas
1343 3649 1402 3690 non
1425 3648 1492 3691 esse
1516 3630 1672 3707 emphasin,
1724 3691 1726 3702 ⁴

325 3737 384 3778 non
407 3721 495 3778 maris
519 3718 652 3794 effigiem,
676 3719 727 3778 sed
751 3735 816 3780 esse
839 3723 931 3780 maria
953 3730 1004 3781 aut
1026 3721 1119 3780 valles
1141 3722 1305 3799 umbrosas,
1327 3721 1401 3779 inter
1424 3727 1541 3778 montes
1556 3717 1674 3778 abditas.
1724 3705 1726 3782 l

430 3812 459 3867 3.
483 3805 715 3879 Clearchus,
742 3809 962 3883 peripateticos,
992 3807 1137 3882 defendit,
1164 3807 1296 3868 maculas
1320 3823 1385 3866 esse
1407 3807 1569 3883 imaginem
1590 3803 1675 3865 nostri
1724 3833 1726 3854 ι

327 3893 424 3952 maris.
470 3893 586 3952 Absens
609 3910 627 3952 a
650 3891 796 3969 colloquio
820 3893 973 3970 allegatur.
1724 3889 1726 3956 l

430 3985 458 4038 4.
482 3978 719 4051 Aristoteles,
742 3981 958 4056 peripateticus,
983 3979 1132 4040 Plutarchi
1156 3986 1341 4040 coaetaneus.
1724 3963 1726 4010 ³

433 4069 460 4126 5.
485 4065 760 4142 Apollonides,
784 4075 942 4143 geometra,
965 4067 1159 4146 geographus,
1182 4077 1377 4131 astronomos.

432 4159 461 4212 6.
486 4153 685 4229 Lamprias,
709 4153 939 4216 mathematicus.

434 4247 462 4300 i.
486 4238 737 4316 Hipparchus,
761 4244 884 4317 opticus.

433 4332 462 4386 8.
488 4326 649 4386 Lucius:
663 4367 666 4372 -
680 4327 792 4386 Lunam
816 4345 880 4386 esso
903 4333 1034 4405 terream,
1057 4345 1115 4387 non
1139 4329 1262 4404 igneam.

433 4421 461 4475 9.
485 4413 704 4487 Pharnacea,
728 4416 853 4472 stoicos:
877 4413 989 4471 ironam
1013 4431 1077 4474 ease
1100 4418 1225 4490 igneam.

417 4508 465 4562 10.
489 4501 638 4571 Theon,
664 4500 838 4575 Aegyptios,
862 4500 1021 4560 Aristarchi
1043 4501 1134 4561 lector
1153 4509 1183 4561 et
1197 4502 1373 4580 discipolos;
1397 4499 1557 4578 eidemque
1579 4497 1677 4560 tribui·
1725 4493 1726 4560 J

325 4595 383 4657 tur,
407 4588 485 4666 qood
508 4606 543 4648 ex
565 4589 661 4662 potitis
675 4589 766 4644 variis
781 4588 947 4645 testimonia
961 4587 1096 4663 colligere
1111 4587 1205 4648 soleat
1221 4588 1257 4666 ds
1273 4589 1400 4648 tenebris
1417 4589 1540 4652 diurnis.
1579 4589 1678 4644 Astro-

328 4692 433 4735 nomus
456 4677 544 4751 igitur
567 4682 597 4732 et
618 4673 824 4748 grammaticus
848 4681 901 4732 eat.
945 4674 1041 4750 Negat
1063 4675 1176 4734 Lunam
1198 4676 1389 4736 habitabilem
1412 4693 1488 4736 esse.
1528 4677 1679 4735 Commen-

319 4769 409 4822 vtatus
433 4771 477 4821 eat
498 4765 528 4819 in
552 4760 714 4820 Alcmania.

419 4855 468 4909 11.
492 4847 692 4925 Menelaus,
714 4844 945 4906 mathematicus.
