3478 5424
325 361 370 434 50
816 362 820 371 '
871 351 985 414 luant·
1003 349 1114 426 lieplarl

322 538 392 596 enim
410 537 492 609 plena
508 539 586 608 patet
603 548 696 590 earnm
714 537 876 604 conspectus
893 530 971 588 nobis
988 545 1043 588 nno
1061 529 1123 588 loro
1140 525 1312 586 manentibus
1330 523 1404 584 altre
1420 526 1452 584 ld
1463 524 1561 593 seru.
1579 523 1664 582 auu

321 632 374 688 que
392 633 452 672 cnm
471 613 549 670 uobis
567 613 648 670 Luna
664 612 733 670 latet
750 613 801 669 sub
819 611 968 677 horizonte,
986 610 1046 666 aliia
1058 613 1174 680 apparet
1190 623 1240 678 per
1257 605 1451 664 maturitatem
1468 605 1580 662 Terrae.
1607 603 1664 660 me

318 697 401 766 igitar
417 679 534 750 ⁸illorum
557 699 600 748 est
621 700 716 750 ιοιιιι
733 697 886 762 nudemus
903 687 1056 761 quindecim
1074 688 1169 758 longa,
1195 692 1224 742 et
1241 683 1315 758 qaod
1332 685 1467 754 multat,
1490 699 1548 740 nox
1564 682 1668 740 idom

318 773 373 830 alia.
391 781 486 830 nostra
504 770 706 841 quatuordecim
726 778 753 827 et
771 769 898 840 amplius.

422 851 466 909 98.
486 851 514 906 Si
537 867 587 907 noe
611 849 640 920 in
657 850 764 918 Terris,
789 865 844 904 non
866 844 985 919 populns
1009 843 1118 914 qnidam
1135 841 1300 914 momiscue,
1326 841 1374 898 sed
1399 839 1548 898 morant
1572 846 1664 907 tan

317 946 492 990 numeramus
516 931 545 987 ιι
563 930 641 986 annis
659 931 676 986 8
693 945 801 986 menses
819 929 867 999 99,
894 941 942 984 ιιι
963 927 992 984 in
1014 927 1092 984 annia
1111 927 1144 982 19
1162 937 1269 980 menses
1286 922 1354 992 235,
1377 921 1501 989 quamtis
1519 919 1665 976 temnant·

317 1009 456 1066 naturales
474 1010 589 1080 negotiis
606 1008 707 1064 nostris
724 1025 779 1064 non
792 1005 887 1063 eadem
898 1005 1060 1061 necessitate
1080 1002 1289 1062 immisceamur.
1305 1016 1361 1070 qna
1370 998 1429 1054 diae
1441 1005 1470 1054 et
1480 1005 1587 1062 ιοιιιι,
1605 995 1666 1066 qnid

318 1090 393 1146 alind
412 1089 445 1146 de
464 1088 603 1146 lunaribus
620 1085 745 1158 populis,
765 1099 833 1155 quoa
853 1084 1045 1156 supponimus,
1065 1081 1186 1154 cogitare
1203 1095 1361 1150 possumus,
1379 1092 1460 1148 quam
1478 1074 1593 1134 medem
1608 1073 1665 1130 rllot

318 1169 464 1226 obseruare
482 1182 622 1235 numeros,
647 1166 670 1220 ai
689 1181 743 1236 qua
766 1163 803 1220 ibi
828 1171 954 1220 creatura
976 1169 1018 1218 est
1038 1161 1144 1218 numeri
1160 1175 1262 1230 capax,
1280 1175 1342 1218 oum
1361 1157 1441 1214 altam
1456 1157 1510 1226 ipsi
1528 1155 1601 1210 diem
1616 1169 1667 1210 ιιι

317 1247 458 1304 habeant?
483 1248 594 1317 Signum
611 1261 676 1302 vero
694 1253 807 1302 uectae
824 1241 929 1314 periodi
949 1243 981 1300 19
1000 1257 1130 1300 annorum
1148 1246 1192 1296 eet
1208 1238 1284 1310 ipsis,
1303 1238 1435 1296 sieadent
1452 1235 1545 1292 sidera
1557 1235 1666 1304 mittin

319 1328 414 1384 ordine
432 1337 527 1384 exacte
545 1326 674 1382 oriantur.
752 1331 753 1336 ’

423 1405 466 1464 99.
485 1405 689 1463 Μιιιιοιιιιιοι
705 1403 826 1474 intellige
845 1399 1010 1459 denominari
1034 1406 1065 1454 nt
1083 1407 1191 1458 nostros
1208 1397 1381 1456 meridianos.
1417 1397 1472 1458 Sed
1494 1397 1576 1459 nohis
1594 1397 1667 1454 mari·

320 1483 393 1541 diani
411 1484 519 1556 plurimi
537 1494 614 1552 sunt,
641 1485 708 1554 ipsis
726 1482 928 1540 medivoleanns
948 1481 1060 1550 unicus,
1086 1482 1188 1551 quippe
1211 1495 1260 1550 per
1282 1481 1337 1537 dno
1359 1479 1446 1538 solnm
1467 1487 1572 1551 puncta
1591 1475 1666 1534 hemi·

319 1561 520 1631 sphaeriorom,
540 1580 557 1618 a
574 1561 660 1617 Volva
679 1563 926 1630 denominatorum,
952 1568 1048 1616 exacte
1066 1559 1181 1615 invicem
1199 1556 1335 1627 opposita
1369 1558 1433 1616 Non
1450 1567 1516 1616 sant
1532 1553 1667 1614 ιιιιιιιιι

319 1639 497 1696 medivolaaui
515 1641 575 1698 loco
593 1651 748 1698 nostrorum
766 1639 988 1706 meridianorum,
1011 1637 1058 1696 ιιι
1076 1637 1180 1695 habent
1197 1642 1226 1692 ιι
1242 1634 1351 1692 Ιιιιιιι
1369 1651 1433 1692 snos
1447 1638 1530 1707 juxta
1548 1633 1667 1692 meridie·

319 1733 383 1786 nos,
408 1735 457 1788 per
481 1720 560 1790 polos
579 1729 607 1774 et
623 1722 739 1778 vertices
756 1720 877 1777 locorum
895 1717 1004 1788 ductos,
1030 1717 1120 1774 socios
1143 1715 1222 1784 qnasi
1244 1714 1426 1772 medieolaani
1444 1717 1564 1772 ananiam
1582 1711 1667 1770 medi.

319 1795 411 1851 Nostri
431 1797 539 1866 quidem
556 1800 698 1856 meridiani
714 1806 860 1856 terrestres
878 1796 1038 1868 principium
1050 1793 1174 1852 naturale
1192 1797 1248 1850 non
1259 1793 1370 1863 ιιιιιι,
1387 1793 1495 1850 illorum
1508 1809 1578 1848 sero
1591 1793 1668 1848 net-

319 1873 393 1930 diani
409 1875 524 1943 habeut,
544 1895 580 1934 sc.
599 1878 715 1934 medium
734 1878 851 1934 omniurn
869 1875 1098 1940 medivolaaaum,
1116 1882 1147 1930 ιι
1164 1873 1192 1930 ιι
1212 1889 1293 1942 quem
1311 1871 1357 1930 sot
1375 1879 1404 1928 ιι
1421 1871 1509 1928 Volva
1524 1871 1611 1928 stunt
1625 1885 1668 1926 cc·

320 1952 381 2008 dem
400 1967 535 2013 momento
553 1955 683 2022 incidunt,
702 1957 730 2012 in
747 1954 911 2012 meridianos
929 1963 1035 2010 ceteros
1052 1967 1108 2008 non
1125 1951 1229 2020 eodem,
1248 1951 1298 2008 sed
1316 1950 1460 2007 distinctis.

425 2036 483 2090 100.
503 2036 568 2091 Cum
586 2037 665 2093 Luna
682 2036 778 2106 globus
797 2035 845 2106 eit,
870 2042 993 2092 centrum
1011 2031 1070 2102 ejas
1088 2039 1183 2102 petent
1201 2032 1291 2090 omnia
1308 2031 1402 2102 gravia
1422 2028 1543 2096 lanaria,
1570 2033 1600 2082 et
1617 2041 1671 2083 cor·

318 2127 386 2182 pora
407 2113 480 2182 globi
507 2114 661 2184 superficiei
685 2115 813 2172 insistent
838 2113 873 2172 ad
890 2112 1004 2182 angulos
1026 2120 1117 2168 rectos
1135 2111 1339 2180 censebantque
1357 2109 1429 2168 banc
1446 2125 1526 2166 suum
1546 2109 1672 2167 ιιιιιαι

318 2189 388 2246 ιιιιι
412 2190 489 2258 ιιιι,
507 2191 535 2248 in
553 2209 634 2263 quem
651 2203 782 2266 punctum
800 2196 876 2248 recta
887 2209 922 2247 ex
934 2202 1026 2248 centro
1043 2191 1118 2260 globi
1134 2190 1238 2248 lunaris
1256 2205 1305 2260 par
1321 2190 1499 2260 saavestigia
1513 2189 1673 2245 ιιιιιιιιιι

317 2269 421 2326 incidit.
457 2270 641 2342 Quaecunque
665 2271 761 2327 stellae
785 2270 885 2327 abillo
909 2279 1011 2341 puncto
1034 2271 1149 2339 dieunt,
1177 2270 1313 2326 aremice
1338 2269 1520 2325 observatoris
1542 2269 1574 2326 in
1598 2268 1673 2324 nuno

319 2346 445 2402 collocati
464 2347 599 2406 declinare
618 2351 809 2410 censebuntur.
838 2351 899 2406 Hoc
916 2351 1000 2422 igitur
1018 2358 1061 2407 est
1077 2349 1283 2406 fundamentum
1299 2349 1499 2417 imaginationis
1516 2347 1675 2417 eeqnatctis

317 2424 391 2480 ιιιιιι
408 2425 487 2493 polos
505 2429 586 2485 medii
604 2438 632 2486 et
651 2428 839 2488 declinationis
858 2429 928 2486 Solis
946 2446 963 2485 a
980 2431 1081 2486 vertice
1105 2428 1236 2486 locorum.
1271 2427 1310 2483 Et
1332 2428 1397 2500 quia
1419 2427 1530 2498 panitur
1546 2426 1600 2484 Sol
1622 2441 1674 2482 nen

320 2501 440 2572 quotidie
457 2520 508 2572 per
525 2517 613 2564 totum
631 2524 732 2566 annum
750 2508 867 2564 transire
885 2509 1012 2566 ιιιιιιιιι
1031 2525 1133 2580 ιοιιιι,
1151 2507 1198 2579 qni
1215 2505 1266 2564 sub
1284 2516 1433 2577 aequatura
1451 2514 1528 2574 sant,
1546 2506 1600 2562 sed
1617 2512 1675 2560 tan·

318 2587 377 2635 tum
396 2577 439 2635 dia
458 2585 636 2656 aequinoctii,
655 2587 737 2656 igitur
756 2587 815 2642 axis
833 2587 908 2656 globi
925 2585 1042 2654 lunaris,
1068 2585 1140 2642 circa
1157 2601 1238 2655 quem
1256 2583 1302 2640 ille
1319 2585 1500 2653 contenitur,
1523 2579 1675 2655 parallelas

319 2673 373 2714 non
392 2670 435 2714 est
453 2662 497 2714 axi
517 2662 671 2734 eclipticas,
697 2665 747 2722 sed
763 2665 909 2723 inclinetur
927 2665 962 2720 ad
982 2681 1054 2721 eum:
1081 2679 1188 2734 semper
1211 2679 1249 2721 sc.
1266 2664 1302 2720 ad
1324 2670 1416 2720 rectos
1433 2661 1549 2732 angulos
1566 2669 1676 2718 erectus

320 2744 363 2793 est
380 2753 463 2807 super
480 2739 589 2809 planum
609 2743 713 2800 orbitae
730 2745 840 2809 honae,
866 2761 946 2815 qoam
965 2743 1013 2802 illa
1031 2743 1127 2814 quovis
1145 2750 1267 2811 tempore
1285 2748 1422 2814 permeat,
1444 2749 1477 2797 ut
1492 2740 1628 2798 inediam
1644 2753 1678 2796 es

320 2815 484 2888 adplenum
503 2819 652 2892 eclipticas,
672 2823 732 2880 axis
751 2825 832 2880 ctiam
850 2822 923 2882 illius
942 2824 976 2879 ad
995 2839 1074 2879 axem
1092 2801 1176 2891 huius
1194 2819 1351 2878 inclinetur.

422 2899 481 2955 101.
500 2898 571 2954 Nodi
591 2901 684 2958 Lunae
703 2909 778 2958 motu
796 2902 954 2970 retrogrado
974 2901 1142 2959 circumeunt
1159 2901 1187 2956 in
1205 2900 1284 2958 annis
1305 2901 1350 2972 19,
1368 2899 1511 2956 obviantes
1531 2897 1608 2968 Soli,
1628 2900 1677 2956 eir·

317 2982 445 3033 comeant
462 2977 546 3045 igitur
564 2986 592 3034 et
609 2979 708 3036 limites
727 2980 822 3038 eodem
841 2989 977 3053 tempore,
1003 2989 1030 3036 et
1049 2979 1105 3053 poli
1123 2979 1228 3036 orbitae
1245 2979 1355 3048 Lunae,
1379 2978 1426 3049 qui
1444 2984 1510 3034 sunt
1530 2976 1677 3034 turannos

317 3055 379 3112 loco
397 3057 521 3127 polorum
541 3059 643 3130 mundi,
662 3061 690 3116 in
710 3058 827 3130 circello,
846 3060 926 3130 cujus
944 3059 1073 3116 diameter
1090 3055 1173 3115 habet
1191 3058 1293 3130 gradum
1312 3060 1337 3115 b.
1355 3057 1441 3116 Annia
1457 3056 1542 3128 igitur
1560 3057 1679 3116 a'duaa

322 3138 354 3193 19
373 3136 553 3193 conficiuntur
570 3138 643 3207 apud
660 3139 736 3208 ipsos
754 3139 817 3193 anni
834 3138 932 3208 tropici
950 3137 994 3196 20.
1029 3137 1126 3208 Itaque
1144 3137 1173 3192 in
1191 3137 1225 3207 9ι
1242 3136 1370 3207 sidereis,
1388 3138 1442 3194 hoc
1459 3144 1503 3194 eat
1519 3137 1548 3191 iu
1570 3137 1607 3193 to
1624 3143 1678 3192 tro·

318 3213 400 3287 picis,
428 3215 532 3270 decima
554 3225 645 3272 aestas
662 3217 704 3284 iis,
727 3217 825 3284 quibus
849 3217 926 3273 initio
948 3215 1124 3286 contingebat
1151 3215 1214 3274 Sole
1231 3215 1259 3270 in
1276 3215 1484 3273 constellatiom
1499 3215 1601 3270 Cancri
1620 3230 1679 3270 ter·

319 3301 409 3358 eante,
434 3293 566 3362 contingit
584 3291 642 3363 jam
665 3291 730 3347 Sole
753 3293 780 3349 in
805 3292 963 3363 Capricorni
987 3295 1194 3352 constellatione
1217 3297 1375 3360 constituto.
1411 3293 1478 3350 Tude
1502 3292 1570 3362 qnid
1591 3293 1679 3352 etiam

318 3371 398 3429 nobis
416 3374 443 3427 in
461 3372 547 3428 Terra
564 3371 703 3440 contingit,
723 3371 772 3426 sed
789 3372 875 3428 multo
893 3373 1007 3430 tardius.
1044 3373 1145 3431 Nostra
1163 3375 1234 3430 enim
1252 3383 1344 3432 aestas
1367 3381 1432 3430 ante
1449 3372 1504 3428 dno
1522 3371 1614 3427 millis
1630 3387 1679 3427 ιιι·

318 3466 414 3507 norum
433 3449 575 3508 eveniebat
592 3449 655 3505 Sole
672 3449 700 3504 in
719 3449 924 3506 constellatione
937 3449 1032 3508 Cancri
1051 3459 1185 3520 versante,
1205 3453 1278 3510 Cane
1296 3469 1357 3510 cant
1371 3450 1436 3507 Sole
1453 3450 1574 3523 orienteg
1592 3449 1680 3508 hodie

317 3527 441 3599 proiecta
460 3537 501 3584 est
518 3534 613 3583 nostra
631 3535 721 3584 aestas
738 3529 766 3582 in
785 3528 1019 3586 constellationem
1033 3529 1215 3602 Geminorum,
1233 3531 1287 3588 etsi
1304 3529 1550 3588 dodecstetnorittnt
1567 3529 1681 3592 *odisti

318 3609 418 3670 retinet
435 3623 531 3664 nomen
550 3605 692 3676 antiquum
711 3607 817 3665 cancri.

423 3687 483 3745 102.
502 3687 605 3742 Harum
623 3702 671 3742 sex
690 3685 793 3743 dierum
812 3705 868 3745 nna
884 3687 944 3744 sola
960 3688 1003 3743 tel
1022 3687 1093 3746 duee
1110 3694 1176 3745 sunt
1192 3703 1256 3745 aare
1273 3685 1401 3757 aestivae,
1421 3692 1529 3744 catena
1545 3686 1585 3744 ιι
1606 3686 1682 3744 letne

319 3773 465 3836 atrumque
484 3765 619 3822 declinant
637 3767 672 3822 ad
690 3767 868 3836 quantitatem
887 3767 941 3824 diei
958 3767 1173 3838 aequinoctialis.

424 3839 485 3902 loe.
502 3845 679 3914 Temperatus
704 3845 775 3900 enim
796 3855 824 3902 st
845 3845 920 3916 ipsas
942 3846 988 3900 aix
1011 3847 1133 3904 sustineo
1156 3845 1253 3906 dicere
1289 3845 1374 3909 uuna
1396 3845 1469 3904 enim
1486 3852 1530 3902 ast
1545 3843 1576 3902 in
1597 3845 1683 3904 Larte

320 3923 474 3992 temperies,
493 3931 522 3978 ut
540 3923 693 3993 apparebit.

426 4001 484 4059 tut.
503 4001 649 4058 Zodiaoum
667 4001 771 4058 habent
787 4003 928 4059 nobiscum
946 4019 1122 4060 communem.
1146 4004 1248 4060 Noster
1265 4005 1336 4062 enim
1353 4005 1481 4062 coeliacus
1493 4012 1571 4062 moto
1582 4019 1683 4062 ιιιιιιιι

320 4079 437 4138 Telluris
456 4079 527 4134 circa
544 4079 634 4135 Solem
654 4078 828 4148 describitur,
846 4081 927 4138 Luna
945 4098 1009 4138 aero
1028 4090 1056 4139 et
1072 4083 1134 4152 ipss
1151 4081 1289 4138 Tellurem
1308 4092 1427 4141 nostram
1446 4081 1588 4152 amauit,
1608 4085 1684 4140 aient

319 4175 371 4218 nos
389 4173 447 4214 eam
465 4158 728 4213 circttmhabitamua.
764 4159 869 4216 Eadem
887 4160 968 4228 igitur
985 4159 1109 4231 utrisque
1127 4168 1170 4216 est
1185 4176 1268 4217 causa
1285 4161 1451 4232 imaginandi
1467 4160 1583 4218 zodiaci.

426 4237 483 4293 105.
503 4237 577 4293 Haec
595 4244 660 4292 sunt
676 4235 708 4293 iis
727 4239 869 4307 correlata,
888 4255 959 4310 quae
976 4239 1009 4294 ad
1022 4256 1093 4296 num.
1112 4239 1169 4296 101.
1183 4249 1247 4295 ιιιι
1262 4239 1344 4298 dicta.
1369 4240 1683 4298 coommmeumannr

320 4327 371 4388 est,
389 4325 543 4387 respectum
562 4316 625 4372 anni
642 4314 748 4384 tropici,
768 4315 791 4370 si
810 4333 863 4372 uon
881 4323 987 4372 tantum
999 4325 1116 4386 quantus
1134 4327 1177 4372 est
1188 4333 1273 4388 penas
1285 4334 1344 4387 nos,
1360 4318 1492 4390 majoram
1504 4317 1606 4376 msam
1618 4331 1686 4375 ecee

320 4413 404 4470 penes
423 4396 532 4451 lunares
549 4403 677 4464 respectu
697 4399 738 4452 tui
757 4399 819 4454 anni
838 4398 944 4468 tropici.

423 4473 541 4542 Respice
565 4486 629 4528 vero
652 4472 697 4526 bic
722 4475 756 4530 ad
775 4475 938 4546 hypothesin
961 4473 1045 4532 libelli
1064 4483 1092 4532 et
1110 4474 1198 4542 discc,
1225 4491 1295 4548 qnae
1313 4475 1395 4534 nobis
1419 4481 1484 4534 sant
1500 4476 1573 4534 ‘mter
1591 4477 1684 4533 totins

320 4552 412 4608 muudi
424 4551 585 4622 praecipua:
605 4550 748 4607 duodecim
766 4553 844 4623 signa
856 4553 991 4621 coelestia,
1009 4553 1132 4622 solstitia,
1151 4553 1333 4624 aequinoctia,
1351 4571 1438 4612 annos
1455 4554 1587 4626 tropicos,
1607 4555 1685 4612 side-

321 4647 391 4699 reos,
410 4639 592 4701 aequatorem,
612 4626 728 4697 coluros,
746 4631 873 4699 tropicos,
891 4629 1007 4704 polares,
1025 4630 1105 4702 polos
1124 4631 1232 4700 mundi,
1250 4633 1339 4689 omnia
1351 4633 1477 4701 restringi
1489 4633 1525 4690 ιι
1539 4634 1684 4703 anm

322 4708 417 4763 simum
440 4706 550 4776 globum
572 4705 692 4761 Telluris
714 4707 827 4778 solaque
850 4707 1034 4763 terricolarnm
1060 4709 1251 4779 imaginatione
1273 4719 1417 4780 constare,
1440 4719 1473 4768 nt
1488 4711 1514 4768 si
1530 4712 1567 4772 ιι
1589 4713 1686 4770 elion

323 4785 433 4858 globum
450 4785 646 4844 transieramus
663 4784 889 4858 imaginationem,
907 4786 996 4845 onnia
1012 4793 1117 4846 ιιιιιιι
1133 4790 1276 4864 concipere
1293 4804 1406 4850 maesse
1423 4788 1469 4850 tit·
