3436 5416
281 397 327 466 86
801 396 965 456 Plutesebes
983 398 1017 454 de
1034 395 1118 456 Facie

387 575 423 637 In
444 582 509 638 toto
531 593 602 638 vero
624 577 763 640 univerae
785 577 816 638 id
838 578 919 657 quod
932 579 1038 640 meiius
1053 581 1153 657 potins
1176 585 1222 641 eet
1243 595 1289 654 ee,
1312 575 1391 656 qnod
1413 583 1461 639 est
1481 591 1518 636 ex
1533 588 1639 636 neme
1709 589 1710 592 ’

283 667 381 727 ritate.
426 663 503 726 Nam
526 663 598 742 quid
619 667 646 726 si
667 666 712 726 sic
734 659 934 728 consectemur
955 666 1246 740 verisimilitudinem,
1269 683 1305 726 ex
1327 667 1365 725 iis
1386 665 1537 738 nimirum,
1559 678 1637 739 qnae

284 753 342 830 ipsi
362 751 523 813 asserunt?
552 752 663 813 Dicunt
685 760 784 814 eutem
805 761 904 832 perles
925 755 1051 816 eetbeie
1073 753 1242 834 rplcndidae
1264 752 1382 830 quidem
1406 759 1435 812 et
1456 749 1580 811 rebiiiee
1601 749 1641 808 ob

283 843 435 902 cultatem
457 839 583 914 coelun,
606 839 801 902 condensatas
825 858 894 902 roro
917 849 947 902 et
967 851 1086 902 enectae
1108 845 1137 900 in
1160 850 1317 918 ιιιιςιιειιιιιι
1339 839 1532 899 unalamer
1553 851 1638 910 esse;
1709 859 1710 862 ¹

286 945 322 989 ex
344 926 426 988 bisce
448 944 519 988 vero
543 927 760 988 imbecillimum
784 929 967 1006 meximeque
989 928 1188 991 turbulentum
1211 947 1275 989 esse
1298 926 1420 988 Lenem.
1467 926 1558 1002 Atqui
1579 938 1640 982 non

285 1024 384 1076 umen
407 1013 474 1074 ideo
497 1023 681 1093 segregatam
703 1015 741 1076 ab
763 1015 881 1076 ertbem
904 1015 1004 1098 cidare
1031 1017 1101 1078 iicet
1123 1015 1254 1091 Lenem,
1285 1014 1337 1076 aed
1359 1013 1455 1074 adbuc
1476 1011 1570 1071 meite
1593 1013 1641 1067 in-

286 1105 422 1166 teriorem
449 1100 531 1162 iilam
555 1105 704 1164 circumire
725 1101 958 1180 pretendemque
985 1111 1015 1164 et
1036 1106 1197 1181 spatiosam
1224 1103 1279 1163 seb
1303 1119 1335 1163 se
1356 1100 1464 1162 bebere
1486 1107 1641 1160 ventorum
1705 1095 1710 1109 '

285 1191 577 1267 (ragionemsatque
598 1190 629 1248 in
650 1189 702 1250 iiie
724 1207 790 1250 cum
812 1190 970 1250 miserenti
986 1191 1061 1252 cneii
1082 1193 1240 1269 vertigine)
1263 1191 1390 1267 torqueri
1413 1189 1502 1248 etiem
1525 1190 1642 1246 comete

288 1276 395 1336 sidera.
440 1274 526 1338 Adeo
547 1293 606 1336 nou
629 1285 732 1338 macte
754 1285 784 1338 et
806 1279 892 1355 queri
915 1277 1066 1339 obvelata
1087 1287 1158 1338 sunt
1176 1280 1330 1339 momentis
1351 1277 1506 1354 metans
1520 1272 1642 1334 otieri-

287 1365 359 1426 tetie
382 1379 505 1440 corpore
526 1363 652 1442 ringula,
675 1362 728 1424 red
748 1367 862 1426 ratione
883 1362 970 1442 lenge
992 1365 1109 1427 diversa
1130 1373 1200 1426 sunt
1221 1368 1404 1426 condenata.

390 1447 449 1510 His
471 1449 573 1530 dictu,
599 1467 665 1511 cum
687 1467 744 1532 ego
767 1450 883 1512 Lucio
911 1451 1026 1513 dicendi
1048 1461 1146 1530 partes
1168 1452 1282 1528 darem,
1312 1459 1345 1512 nt
1367 1451 1418 1529 qni
1446 1445 1486 1510 ed
1515 1445 1640 1508 demon·

287 1538 445 1600 rtratlonee
466 1539 628 1599 metendae
655 1539 829 1616 pergebam,
858 1539 1097 1602 Arietateies
1129 1541 1298 1615 rubridum,
1332 1553 1388 1616 ego
1416 1553 1502 1611 vero,
1534 1535 1641 1612 inquit,
1708 1589 1709 1592 ,

288 1631 451 1704 protector,
474 1624 555 1702 quod
576 1627 672 1704 omnis
694 1625 885 1687 contradictio
907 1633 960 1688 ine
981 1625 1047 1688 illos
1069 1633 1165 1706 petat,
1196 1629 1248 1706 qel
1272 1627 1385 1686 Lunam
1406 1621 1526 1701 quidem
1547 1623 1643 1700 ipsam

288 1714 470 1790 remigueam
491 1721 669 1792 supponunt,
692 1712 896 1774 unirereeiiter
916 1722 1014 1775 tamen
1036 1731 1189 1794 corporum
1204 1715 1263 1775 elie
1277 1731 1401 1786 sursum,
1424 1710 1484 1770 eila
1506 1709 1644 1772 deorsum

289 1793 409 1864 tendere
431 1817 468 1862 ex
488 1817 522 1862 ee
544 1801 618 1879 ipsis
639 1799 793 1860 eilirmant
838 1800 886 1860 Aa
908 1819 978 1862 vero
1001 1804 1109 1862 existet
1131 1802 1253 1878 eliquia,
1281 1803 1333 1878 qei
1354 1807 1385 1859 et
1405 1796 1539 1858 circulari
1561 1803 1644 1856 mom

290 1887 403 1948 merari
424 1893 505 1947 aetra
526 1886 706 1962 naturaiiter,
728 1895 759 1970 et
779 1895 902 1949 naturae
923 1897 1084 1966 equatuor
1099 1889 1249 1950 elementis
1264 1887 1433 1966 longissime
1448 1884 1569 1944 diverte
1591 1882 1646 1942 iile

288 1991 355 2036 erse
376 1972 496 2049 dixerit,
526 1974 557 2036 ld
578 1991 616 2036 ne
637 1975 756 2036 innuite
783 1975 902 2052 quidem
930 1976 1016 2036 nobis
1044 1975 1154 2036 incidit.
1181 1975 1245 2036 'Ita
1266 1991 1362 2052 usquo
1389 1975 1549 2049 quicquam
1572 1969 1644 2030 mibi

287 2062 465 2123 iaeemlvisti
485 2064 598 2139 negotii
620 2067 651 2122 ot
671 2055 777 2145 (opera
790 2060 1007 2124 demonstrandi
1021 2062 1130 2124 Lucius
1153 2063 1294 2123 liberetue
1317 2058 1381 2141 enti
1411 2060 1488 2119 Tum
1504 2057 1646 2118 Lucius

287 2149 472 2227 anaplum,
496 2165 515 2208 o
537 2150 623 2224 bono,
647 2148 701 2210 red
722 2149 808 2209 nobie
832 2149 963 2228 quidem,
993 2151 1044 2227 qui
1066 2149 1233 2226 etreliqua
1254 2149 1351 2211 ridere
1374 2150 1448 2207 citra
1471 2145 1594 2205 dubium
1618 2151 1647 2204 et

288 2242 385 2296 tnmm
406 2236 483 2298 aden
505 2236 620 2298 ceolum
642 2237 673 2296 in
694 2253 798 2315 peren
813 2243 843 2297 ei
857 2239 1001 2299 einnonem
1017 2243 1046 2298 at
1061 2239 1140 2298 omni
1161 2236 1295 2314 passibili
1318 2235 1495 2295 alteratione
1518 2249 1644 2292 vacuam

288 2331 424 2384 naturam
448 2321 627 2385 collocemus
650 2326 738 2401 inque
762 2323 870 2384 circulo
892 2323 1011 2386 divinae
1032 2332 1124 2402 etque
1145 2325 1340 2384 indesinentis
1362 2321 1565 2383 conversionis
1589 2320 1647 2380 cir·

289 2410 505 2485 cumducimnr,
536 2411 615 2471 band
645 2411 731 2472 icelle
761 2427 834 2471 sane
855 2414 1011 2490 quiequam
1034 2413 1064 2470 in
1086 2417 1226 2489 praesens
1253 2409 1476 2482 contradixerit,
1507 2408 1645 2485 quamvis

289 2497 516 2560 innumerabiles
531 2499 659 2559 existant
673 2496 860 2558 difficultates
873 2491 925 2582 ιε).
954 2499 996 2559 Ar
1017 2500 1043 2558 si
1057 2498 1110 2560 Sol
1121 2499 1186 2576 jem
1208 2497 1367 2560 &scendet
1381 2497 1558 2572 Lunamque
1573 2511 1647 2554 con·

290 2591 411 2660 nectet,
431 2585 495 2662 jam
516 2602 576 2646 noe
599 2585 724 2663 amplier
747 2585 957 2661 impamibilem
979 2601 1045 2647 eam
1068 2593 1098 2647 et
1120 2589 1316 2662 incorruptam
1338 2583 1483 2657 servabit,
1508 2599 1564 2643 nec
1584 2580 1648 2640 iiii·

291 2672 395 2732 batnm
417 2673 492 2733 sinet
514 2675 645 2750 corporis
667 2672 732 2749 cies
752 2671 862 2746 dorem,
885 2677 955 2750 quin
977 2675 1088 2751 potine,
1113 2681 1146 2734 et
1168 2681 1279 2734 ceterae
1301 2669 1532 2749 inaequalitates
1556 2676 1586 2728 et
1601 2666 1647 2727 di-

292 2761 447 2821 rerrltetee
468 2767 696 2837 praetereamus,
718 2759 795 2819 banc
816 2761 911 2836 ipsam
932 2760 1037 2822 laniem
1059 2761 1123 2838 ojus
1145 2760 1340 2839 peiieceniem
1354 2758 1508 2818 immeabit
1530 2763 1562 2816 et
1576 2771 1648 2815 con·

290 2847 446 2908 taminabit
475 2847 577 2924 eliqua
603 2847 786 2906 substantiae
812 2846 877 2923 ejus
905 2848 1074 2923 mendene,
1104 2849 1169 2909 sire
1196 2847 1343 2907 inlusione
1372 2853 1402 2906 et
1424 2841 1645 2921 quodammodo

293 2937 500 2996 commixtione
525 2933 678 2996 dicerene:
707 2935 817 3010 patitur
839 2933 917 2994 enim
938 2933 1050 3011 ailquid
1073 2937 1161 2994 otiam
1184 2934 1230 3009 id,
1254 2934 1334 3010 qaod
1355 2933 1498 2992 mixtione
1520 2931 1649 2990 conimi-

292 3019 371 3081 ditur
393 3037 460 3081 cem
482 3019 557 3096 aiio,
587 3021 682 3098 perdit
705 3021 782 3080 enim
805 3022 1010 3095 sinceritatem,
1032 3021 1176 3082 violentia
1197 3021 1349 3082 deterioria
1370 3019 1526 3096 repletum.
1572 3017 1649 3076 'Pam

292 3114 391 3168 aemm
414 3109 569 3185 segnitiem
591 3109 655 3185 ejus
676 3109 862 3185 impetusque
883 3111 1060 3170 ramaiouom
1083 3115 1112 3169 et
1127 3108 1233 3170 caloris
1255 3106 1488 3168 imbecillitatem
1511 3105 1649 3165 obscuri·

292 3202 456 3271 talemque,
487 3196 538 3272 qui
560 3195 721 3256 secundem
742 3194 844 3255 Ionem
869 3227 908 3242 -
934 3229 973 3240 -
995 3213 1060 3256 noe
1090 3197 1139 3257 vel
1170 3199 1345 3273 ricemerem
1372 3211 1468 3254 neom
1497 3195 1646 3268 remearit.

292 3278 364 3358 quid
386 3297 452 3342 esse
474 3280 623 3356 dicamne,
652 3281 723 3359 quid
752 3283 810 3340 nisi
836 3282 1032 3342 infirmitatem
1061 3282 1125 3359 ejus
1151 3291 1181 3342 et
1207 3283 1359 3354 affectem,
1390 3279 1648 3341 eetioceontbna

291 3366 374 3428 locus
395 3375 441 3428 est
462 3370 492 3427 in
519 3385 640 3447 corpore
666 3371 787 3448 pereuni
809 3377 839 3430 et
860 3367 1004 3430 coelestii
1036 3367 1162 3429 Omnino
1185 3373 1275 3442 enim,
1307 3369 1436 3429 ocbere
1460 3365 1647 3436 Aristoteles,

291 3453 436 3532 etquidem
467 3472 532 3516 eam
553 3463 586 3515 ut
608 3464 715 3517 terram
744 3455 873 3534 aliquam
896 3458 1057 3529 iutuemur,
1085 3455 1280 3533 pulcherrime
1308 3457 1395 3516 nnbia
1420 3471 1468 3516 rea
1492 3461 1523 3516 et
1545 3453 1647 3514 lentae

292 3541 403 3602 termae
426 3543 520 3602 rideri
540 3551 639 3619 potest
662 3549 691 3602 et
719 3545 837 3602 omnino
863 3543 996 3618 exculta3
1023 3549 1053 3603 at
1075 3545 1101 3603 si
1123 3551 1156 3602 et
1176 3543 1257 3602 sides
1280 3551 1332 3602 ent
1355 3551 1388 3602 ut
1415 3541 1515 3602 lemen
1539 3547 1593 3602 aut
1617 3546 1648 3598 ut

292 3643 398 3706 cerpus
425 3629 557 3688 dinnano
584 3639 615 3689 et
640 3628 786 3704 caeleate,
817 3637 973 3690 versaret
1003 3630 1138 3690 deformia
1167 3629 1312 3691 habeatur
1339 3637 1369 3690 ct
1399 3629 1493 3706 turpio
1523 3635 1649 3705 aspectu

293 3729 428 3793 quaeque
450 3715 560 3775 nomini
582 3723 642 3774 tam
662 3715 785 3791 pulchro
807 3714 948 3793 pudorem
970 3717 1088 3791 elimam
1117 3717 1315 3793 quippenam
1339 3733 1385 3790 ee,
1408 3731 1487 3793 quae
1509 3717 1541 3774 in
1564 3713 1650 3776 cneio
1706 3729 1709 3736 ’

295 3808 374 3876 eunt,
396 3808 480 3862 tanto
501 3803 561 3862 siut
582 3819 716 3875 numero,
744 3801 809 3862 sole
830 3803 905 3865 been
926 3822 963 3866 ex
986 3805 1120 3864 omnibus
1142 3811 1289 3880 superest,
1313 3821 1390 3880 quae
1412 3804 1513 3865 alieno
1536 3801 1650 3880 indiget

291 3888 402 3949 lumine
421 3905 559 3966 quaeque
580 3887 740 3950 secundum
762 3889 966 3952 Parmenidem
979 3903 1103 3966 ‘acernen
1123 3893 1285 3965 apr-ionius·
1306 3891 1432 3952 violente·
1453 3891 1498 3950 ud
1517 3891 1651 3968 sulcem

295 3975 382 4036 Solle.
411 3976 449 4036 Et
470 3978 570 4036 aecius
592 3973 711 4053 qnidam
732 3984 832 4038 nester
852 3979 883 4035 in
906 3977 1109 4038 dismrtetioue
1124 3993 1188 4050 sua,
1211 3977 1411 4039 demonstrato
1428 3977 1509 4054 qnod
1527 3978 1651 4038 Anaxa·

291 4079 382 4140 gorea
405 4060 524 4138 quidem
547 4068 605 4136 ort,
636 4062 736 4124 Solem
757 4063 857 4124 indam
879 4065 981 4124 Lunae
1004 4063 1202 4142 splendorem,
1224 4073 1342 4126 stmnuc
1364 4083 1426 4127 rem
1448 4067 1563 4142 gessit,
1596 4079 1650 4141 ege

293 4165 365 4210 raro
388 4148 424 4208 iis
446 4165 505 4210 non
527 4149 712 4222 immorabor,
733 4167 810 4226 qnae
824 4167 844 4209 a
858 4151 944 4211 vobis
958 4159 1011 4212 aut
1025 4151 1178 4211 vobiscum
1199 4151 1298 4226 didici,
1322 4151 1376 4213 sed
1397 4152 1505 4212 lubens
1530 4152 1651 4212 volene-

295 4253 353 4314 qne
376 4235 415 4296 ed
437 4252 474 4296 aa
495 4251 572 4312 quaa
594 4243 705 4296 restant
725 4237 864 4298 transibo.

398 4321 493 4400 igiter
516 4321 629 4382 Lunam
657 4322 756 4383 lemen
782 4325 934 4400 concipere
963 4339 1021 4382 nen
1052 4332 1085 4384 nt
1113 4327 1222 4385 nibem
1250 4331 1303 4385 ent
1332 4325 1444 4402 glacies
1467 4327 1651 4401 ingressione

290 4409 412 4470 leminis
435 4418 465 4470 ot
486 4409 678 4488 pciieeentia,
708 4408 846 4470 credibile
872 4418 935 4484 est3
964 4408 1017 4469 sed
1046 4427 1141 4487 neque
1169 4411 1345 4474 collucentia
1372 4418 1402 4472 et
1424 4410 1650 4485 comedistiene,

292 4499 373 4558 elcut
394 4496 519 4571 ieculae,
543 4502 690 4556 marcente
712 4495 830 4556 iumine.
859 4495 925 4554 Hoc
948 4498 1023 4554 enirn
1046 4499 1070 4556 si
1094 4505 1180 4570 asset,
1202 4499 1288 4558 Lena
1308 4513 1368 4558 eon
1389 4501 1487 4559 mines
1509 4501 1542 4557 in
1564 4501 1652 4560 nori·

292 4583 375 4645 lunln
399 4601 488 4661 quam
510 4584 540 4641 iu
564 4585 686 4644 semisee
699 4585 809 4642 mensis
831 4597 883 4643 seu
906 4581 1019 4643 decium
1034 4586 1137 4659 quinta
1151 4584 1339 4661 pleno-vultu
1354 4586 1521 4663 apperebit,
1543 4587 1571 4646 si
1595 4602 1651 4647 non

293 4674 375 4754 tegit¹
389 4674 456 4749 ipse
476 4687 573 4746 neque
596 4669 729 4730 obraiiat
743 4668 852 4742 Solem,
875 4667 928 4728 aad
950 4673 1119 4731 benemittit
1141 4689 1208 4732 eom
1230 4675 1269 4733 ob
1290 4675 1442 4734 raritatem
1464 4679 1519 4734 eut
1533 4676 1562 4734 ri
1576 4691 1651 4752 que·

295 4757 363 4818 darn
385 4759 557 4819 contusione
571 4755 700 4816 ¹irradiet
721 4763 751 4816 et
774 4755 854 4816 reim
876 4754 1037 4818 exardescit
1059 4761 1166 4818 circum
1190 4758 1271 4820 iiiam
1292 4759 1402 4822 lumen.
1432 4759 1486 4822 Sic
1501 4763 1583 4822 enim
1600 4780 1651 4824 ex·

297 4846 411 4918 curado
434 4851 586 4922 comuste,
608 4859 686 4930 quac
707 4843 738 4904 in
761 4841 971 4912 reduceres
993 4851 1023 4908 et
1045 4845 1213 4912 armenes
1234 4845 1384 4910 radiorum
1400 4863 1524 4914 minem
1542 4850 1652 4918 coelet
1708 4931 1710 4938 y
