3494 5426
294 277 360 350 296
655 271 828 332 Colleetauea
845 287 879 328 er
897 269 1034 330 codicibus
1053 271 1285 330 Pulkevicnsrbns.

399 455 476 518 Olim
499 454 617 516 modum
639 462 670 516 et
691 457 770 516 viam
793 423 900 516 causae
922 454 960 514 sd
981 455 1115 515 effectum
1129 455 1185 515 hac
1200 455 1284 532 qussi
1298 453 1463 516 defiuitione
1479 471 1544 518 sum
1562 471 1647 516 eom-
1715 489 1717 532 ι

295 546 408 624 plexus,
431 543 630 621 attingerem,
653 546 682 602 in
705 544 851 604 nascentis
874 560 925 603 scu
948 535 1046 602 animo
1069 561 1120 602 seu
1143 545 1228 619 genio
1259 533 1376 604 haere'rs
1400 546 1560 621 imaginem
1585 543 1649 603 dis-
1715 613 1717 632 Α

294 635 449 714 positionis
473 632 625 705 coelestis,
657 649 732 709 quse
762 629 800 692 ad
822 637 1000 690 momentum
1023 633 1186 690 nativitatis
1209 629 1284 710 uiuit,
1313 647 1435 708 eamque
1464 635 1493 692 in
1518 649 1555 692 eo
1578 633 1647 706 situ,
1716 635 1717 656 l

295 723 346 799 qui
370 717 441 795 tuit,
472 718 665 796 immobilem
699 719 776 778 hanc
804 735 869 780 cum
899 720 960 778 suis
989 715 1062 778 locis
1085 719 1222 796 praebere
1245 719 1393 796 astrologo
1421 719 1648 796 significatores.
1716 755 1717 758 =

294 811 321 870 A
343 815 491 870 momento
514 816 615 886 partus
638 805 674 866 ad
697 805 799 866 horam
819 813 836 866 6
854 807 960 866 ιιιιιιι
982 806 1100 866 intentis
1123 809 1173 884 qui
1195 805 1260 866 linit
1280 814 1376 866 motus
1399 808 1488 882 coeli,
1514 807 1604 882 huuc,
1620 812 1648 866 si

296 897 437 958 reserator
459 895 497 955 ad
520 901 737 974 permanentem
759 896 932 970 imaginem,
961 911 1015 955 ceu
1037 911 1156 973 serpens
1185 911 1341 972 prorepens
1364 891 1402 954 ad
1431 897 1557 956 exuvias
1582 905 1649 972 post
1716 947 1717 950 ,

296 1002 328 1046 ιι
350 984 477 1059 ιιιιιιιι,
499 983 577 1042 hunc
598 999 668 1058 ergo
692 981 765 1044 coeli
787 990 898 1042 motum
921 983 1079 1058 imaginem
1101 999 1165 1044 essa
1183 989 1222 1044 90
1239 997 1377 1042 annornm
1402 983 1491 1042 vitae.
1531 982 1647 1058 Seque·

298 1073 384 1132 batur
405 1072 482 1146 iude,
505 1073 712 1147 promissorum
734 1071 802 1129 loca
823 1078 1024 1146 praeterquam
1047 1069 1159 1142 Lunae,
1182 1087 1272 1129 ceusu
1293 1078 1389 1129 motus
1413 1071 1523 1148 proprii
1546 1077 1579 1129 et
1594 1087 1647 1148 pa·
1716 1081 1717 1088 ’

296 1159 452 1232 rellaxcos,
475 1158 549 1216 nihil
571 1157 748 1217 sensibiliter
769 1159 891 1230 variari,
915 1164 1015 1234 utpote
1039 1159 1114 1216 iutra
1135 1156 1223 1216 horse
1245 1164 1274 1230 3,
1297 1164 1327 1228 3,
1352 1163 1380 1228 d,
1404 1163 1433 1216 6.
1480 1155 1648 1217 Deductic-
1716 1191 1717 1198 ι

297 1263 349 1305 ιιι
373 1261 442 1305 vero
466 1245 526 1304 ireri
549 1261 599 1322 per
622 1246 806 1304 ascensiones
829 1251 938 1317 rectas,
968 1243 1103 1320 obliquas
1133 1252 1162 1303 et
1183 1243 1378 1304 intenuedias.
1424 1244 1473 1303 Ab
1496 1245 1556 1304 hsc
1579 1262 1646 1304 seu·

295 1335 387 1394 tentia
408 1349 454 1391 me
471 1331 580 1410 depulit
594 1333 687 1412 primo
701 1331 849 1410 uyoionn
866 1331 1045 1390 asseveratio
1069 1330 1104 1392 de
1120 1331 1277 1392 directione
1299 1349 1351 1410 per
1372 1331 1483 1406 gradum
1507 1333 1647 1408 aequales
1715 1337 1717 1392 ζ

294 1437 355 1480 non
378 1419 601 1493 contemnenda,
633 1436 709 1498 quac
740 1417 964 1479 confirmabatur
993 1418 1126 1497 exemplo
1155 1421 1300 1498 praesenti
1329 1421 1463 1498 pmpriae
1492 1435 1647 1496 geneseos.
1715 1431 1717 1490 j

297 1507 337 1566 Αι
360 1505 411 1568 illa
434 1507 599 1568 directionis
621 1507 714 1568 forma
728 1509 758 1567 in
773 1507 962 1584 conceptione
976 1524 1042 1565 mea
1056 1505 1152 1566 locum
1168 1506 1275 1567 habers
1289 1522 1349 1568 nou
1363 1513 1489 1584 poterat.
1532 1507 1646 1567 Deinde
1715 1525 1717 1588 ζ

295 1595 453 1656 absurdum
479 1592 639 1670 videbatur,
662 1593 845 1674 planetarum
869 1593 1009 1673 appulsus
1031 1603 1149 1654 mutuos
1170 1597 1200 1654 in
1223 1603 1303 1654 motu
1333 1597 1425 1671 primo
1448 1593 1646 1667 considerare,
1715 1595 1717 1648 L

294 1683 346 1742 ubi
362 1683 387 1742 si
401 1681 580 1758 significator
595 1685 634 1742 sit
649 1684 678 1742 in
694 1684 835 1762 principio
852 1683 989 1758 Virginis,
1005 1684 1163 1758 promissor
1177 1683 1206 1741 in
1221 1681 1380 1760 Scorpione
1393 1681 1497 1740 multis
1513 1684 1646 1759 partibus

297 1770 371 1830 inire
392 1767 616 1844 significatorem
638 1773 667 1828 iu
691 1768 798 1832 circulo
821 1770 973 1847 positionis
997 1778 1134 1844 transeat,
1157 1787 1223 1830 cnm
1247 1773 1276 1830 iu
1293 1769 1358 1830 aliis
1373 1768 1564 1847 planetarum
1579 1787 1647 1829 ccu-
1715 1773 1717 1780 ’

294 1856 495 1932 junctionibus
516 1857 640 1918 latitudo
657 1857 805 1918 efficaciae
827 1856 952 1916 multum
974 1856 1115 1931 detrahat,
1139 1860 1275 1932 quamvis
1297 1856 1456 1916 illuminor
1479 1859 1527 1918 sit
1568 1856 1649 1915 Idem

296 1946 326 2002 iu
349 1943 498 2004 horizonte
521 1943 582 2003 iieri
604 1961 662 2003 non
687 1951 732 2004 est
754 1943 920 2020 absurdum.
964 1941 1030 2002 Non
1053 1946 1129 2003 enim
1153 1947 1182 2002 in
1204 1945 1269 2005 solo
1292 1951 1399 2022 puncto
1423 1943 1582 2022 eclipticas
1605 1947 1648 2002 riu
1716 1993 1717 1996 ,

296 2032 415 2091 orientis
438 2033 530 2104 inest,
553 2048 607 2091 ceu
630 2034 660 2088 in
684 2040 763 2092 certa
785 2031 886 2106 stella,
916 2031 968 2091 sed
991 2033 1138 2108 spargitur
1160 2031 1212 2090 illa
1233 2049 1285 2110 per
1307 2040 1397 2090 totam
1421 2031 1648 2110 amplitudinem

292 2121 424 2178 ortivam.
462 2117 562 2178 Tertio
586 2117 761 2180 videbantur
776 2117 818 2200 Θ
841 2114 927 2199 etQ
943 2117 1097 2196 separandi
1120 2119 1158 2178 ab
1182 2136 1240 2178 asc.
1265 2119 1307 2178 Μ.
1325 2119 1358 2180 C.
1381 2121 1410 2175 in
1433 2118 1648 2178 iormadirec·

292 2207 390 2266 tionis.
434 2202 509 2266 Nam
533 2207 720 2267 ascensiones
743 2205 785 2266 M.
810 2205 842 2265 O.
871 2213 939 2266 surrt
966 2213 995 2266 et
1018 2208 1146 2266 existunt
1180 2223 1270 2266 causa
1296 2205 1455 2265 horizontis
1487 2209 1596 2266 terreni
1619 2215 1649 2265 et

291 2301 475 2372 permotum
499 2295 622 2371 primum
653 2295 820 2365 variantur,
852 2301 882 2352 st
905 2291 946 2376 Θ
970 2300 998 2355 et
1020 2289 1062 2376 Q)
1095 2300 1303 2372 promoventur
1335 2294 1466 2352 motibus
1498 2291 1646 2354 secundis

292 2379 419 2457 Quarto,
449 2384 474 2439 si
497 2398 616 2441 causam
641 2381 820 2441 considerent
842 2381 1057 2454 obscuriorem,
1088 2383 1143 2440 etsi
1165 2397 1202 2440 ne
1224 2398 1302 2440 nunc
1324 2380 1442 2457 quidem
1466 2383 1530 2459 ipsa
1554 2385 1649 2459 prima

291 2486 381 2530 causa
404 2471 475 2528 satis
498 2467 610 2546 liquide
635 2471 711 2529 cerni
734 2476 838 2547 potest.
877 2469 950 2528 Nam
966 2471 1009 2528 sic
1024 2469 1166 2546 agebam:
1190 2475 1343 2548 propterea
1365 2467 1489 2544 singulis
1505 2468 1647 2546 gradibus

292 2554 425 2634 singulos
447 2571 540 2618 anuos
562 2555 733 2634 significari,
757 2551 827 2632 qul'a
849 2554 917 2616 dunr
940 2553 979 2634 Θ
998 2553 1031 2615 1⁰
1053 2557 1178 2630 coniicit,
1202 2559 1294 2634 primo
1316 2561 1398 2614 motu
1421 2556 1501 2614 361υ
1515 2555 1649 2615 ιοιιιιιι-
1716 2567 1717 2606 l

292 2651 340 2704 tur
362 2660 469 2721 cosque
495 2644 532 2720 Θ
556 2661 634 2705 anuo
657 2659 714 2702 unc
738 2643 862 2704 coniicit.
900 2643 947 2702 lta
970 2643 1118 2723 duplicata
1140 2649 1184 2704 est
1207 2643 1311 2703 solaris
1326 2649 1422 2701 motus
1439 2643 1648 2702 consideratio.
1716 2637 1717 2650 ¹

292 2729 412 2808 Quinto,
436 2747 526 2791 causa
550 2748 607 2791 non
631 2737 709 2805 erat,
733 2747 782 2790 cur
806 2727 916 2803 30οΥ
943 2745 1035 2790 ιιιοι
1060 2737 1098 2791 15
1122 2732 1151 2788 in
1175 2738 1240 2790 ortu
1263 2729 1405 2802 efficiant,
1430 2747 1495 2790 cum
1522 2731 1563 2806 Θ
1588 2747 1647 2789 nou

291 2821 322 2878 iu
345 2827 505 2895 aequatura
528 2818 653 2892 incedat,
677 2817 729 2878 scd
752 2820 780 2876 in
804 2817 936 2877 zodiaco.
982 2816 1052 2878 Jam
1074 2835 1143 2896 crgo
1166 2817 1284 2878 modum
1309 2820 1519 2893 investigemus
1542 2817 1649 2892 elium,

290 2908 387 2968 exorsi
410 2907 535 2985 primum
559 2923 576 2964 a
601 2905 833 2966 consideratione
856 2923 962 2964 causae
985 2907 1103 2984 primae,
1127 2915 1268 2980 quantum
1291 2905 1352 2964 lieri
1375 2912 1481 2982 potest.
1517 2904 1596 2964 Cum
1621 2908 1648 2962 iu

289 2993 379 3054 Terre
402 3010 560 3065 versemur,
584 2993 691 3054 Terras
715 3001 809 3052 motus
832 3003 1058 3054 consentaneum
1075 3000 1119 3052 cst
1134 2997 1162 3050 in
1178 2991 1369 3069 significando
1385 2991 1534 3052 adhibere.
1575 2993 1647 3052 Duo

290 3097 362 3140 vero
387 3088 455 3140 sunt
477 3087 574 3140 motus
597 3079 720 3154 Terrae,
744 3097 858 3139 annuus
881 3088 912 3140 ct
934 3079 1062 3140 diurnus.
1106 3080 1184 3138 ilinc
1206 3095 1275 3156 crgo
1298 3078 1442 3158 petendae
1464 3087 1533 3138 sunt
1554 3081 1647 3140 uobis

291 3183 398 3229 causae
421 3167 621 3228 directionum.
660 3167 719 3228 Gur
740 3174 838 3228 sutem
860 3165 967 3242 gradus
990 3183 1097 3226 annuum
1119 3166 1288 3243 significat?
1321 3165 1398 3241 Quid
1421 3181 1577 3228 commune
1603 3175 1648 3227 ert

289 3255 396 3332 gradm
418 3257 548 3316 unicum
573 3253 670 3316 arrno‘i
705 3253 782 3330 Quid
806 3263 851 3313 est
870 3257 900 3312 iu
922 3257 1102 3314 astronomia
1125 3253 1255 3332 gradus?
1291 3253 1369 3312 Nihil
1392 3256 1470 3314 enim
1492 3270 1647 3314 moramur

292 3346 321 3402 in
345 3341 473 3420 physicis
495 3351 726 3403 astronomorum
755 3343 910 3402 concinnes
938 3341 1107 3402 divisiones.
1155 3340 1284 3400 Gradum
1307 3341 1394 3417 igitur
1420 3357 1511 3401 unum
1535 3357 1647 3420 prope-

289 3429 409 3490 modum
431 3441 540 3507 aequat
563 3433 655 3507 primo
678 3437 774 3489 motus
790 3429 867 3488 Solis
883 3428 1010 3504 diunius,
1035 3428 1139 3489 deinde
1162 3428 1465 3492 additamentumdiei
1487 3431 1645 3490 nammliu

288 3518 327 3576 lu
349 3517 395 3576 his
419 3534 487 3593 crgo
511 3517 626 3576 duobos
649 3525 695 3577 est
716 3518 842 3598 suspicio
864 3533 980 3578 causae.
1027 3517 1067 3576 Αι
1087 3533 1124 3574 ns
1148 3518 1244 3575 varius
1272 3533 1411 3592 cogamur
1438 3533 1544 3576 musas
1574 3517 1647 3576 red·

291 3603 374 3678 dere,
399 3604 560 3664 conflentur
581 3604 636 3662 trac
659 3603 735 3664 duas
758 3608 786 3661 in
809 3620 911 3678 unum,
935 3611 965 3665 et
988 3604 1074 3664 cadat
1095 3606 1222 3679 suspicio
1239 3606 1268 3661 in
1284 3603 1434 3676 diem-uc
1456 3620 1514 3664 nou
1532 3605 1644 3681 gradm

291 3689 344 3752 sod
367 3691 430 3752 diss
452 3707 559 3750 annum
583 3690 741 3767 significet,
770 3699 926 3766 propterea
951 3692 1029 3768 quod
1053 3693 1205 3752 conversio
1227 3691 1336 3750 Terrae
1365 3692 1404 3750 sit
1426 3694 1526 3768 imago
1549 3709 1645 3768 prrae-

292 3779 359 3839 dam
382 3780 581 3839 conversionis
605 3779 683 3838 orbis
705 3781 804 3837 annui.
850 3778 921 3837 Cum
945 3781 1034 3854 igitur
1062 3779 1124 3839 dies
1147 3777 1271 3852 quilibet
1298 3777 1435 3839 revolvat
1459 3785 1520 3839 361
1545 3787 1646 3856 partas

290 3867 472 3942 aequatoris,
503 3873 657 3943 propterea
686 3865 764 3940 quod
792 3871 894 3924 auctor
923 3873 952 3924 et
982 3866 1039 3924 dor
1063 3866 1119 3926 diei
1146 3866 1184 3942 Θ
1210 3861 1244 3925 1⁰
1266 3882 1341 3942 pene
1371 3865 1472 3926 dietim
1493 3865 1643 3940 succedat,

291 3954 342 4014 dot
364 3961 397 4012 ut
420 3955 508 4012 etiem
531 3955 644 4012 termini
668 3952 725 4011 diei
748 3955 839 4023 (ortus
862 3961 892 4012 et
914 3969 1036 4014 occasus
1057 3953 1204 4027 locorum;
1229 3953 1291 4014 dies
1315 3955 1391 4013 euim
1415 3954 1453 4012 ud
1478 3953 1645 4014 horizontes

290 4041 463 4117 alligantur,
488 4047 518 4099 st
541 4057 605 4098 curm
628 4039 676 4098 hic
698 4046 743 4098 est
764 4039 843 4112 dier,
867 4039 946 4100 alibi
969 4057 1028 4100 nox
1051 4038 1105 4120 ost)
1127 4058 1179 4118 per
1201 4041 1307 4118 gradum
1330 4042 1501 4116 aequatoris
1523 4057 1643 4119 prome·

291 4135 431 4188 veantur:
463 4135 497 4186 ut
518 4130 543 4186 si
566 4125 654 4187 hodie
677 4126 750 4186 hors
771 4128 864 4204 prima
887 4135 954 4204 post
980 4127 1129 4188 meridiem
1152 4127 1291 4206 (aequale
1313 4129 1503 4206 principium)
1536 4133 1644 4190 oriatur

292 4232 357 4276 cum
382 4221 454 4290 860,
478 4211 588 4287 0⁰Y,
620 4230 683 4274 cras
710 4213 811 4274 eadem
839 4215 910 4274 hora
938 4217 1031 4291 prima
1060 4233 1127 4276 cum
1156 4223 1215 4276 361
1243 4218 1351 4290 orietur
1374 4213 1476 4282 eins.
1523 4217 1574 4276 Ita
1596 4217 1644 4276 liet

293 4306 406 4363 ratione
429 4308 551 4362 naturae
573 4302 699 4360 maxime
721 4309 924 4375 consentanea,
946 4310 980 4361 ut
1001 4301 1112 4362 dierum
1137 4304 1265 4379 termini,
1290 4305 1359 4363 Asc
1384 4308 1414 4363 ot
1436 4303 1479 4363 M.
1504 4303 1550 4378 (1.,
1575 4303 1642 4363 diri-
1716 4325 1717 4328 ¹

293 4399 399 4466 gantur
421 4391 450 4448 in
473 4396 645 4466 aequatem,
670 4404 736 4448 cum
759 4391 846 4448 etiam
869 4389 917 4463 id,
940 4389 1019 4466 quod
1042 4391 1118 4450 diem
1142 4389 1238 4464 elficit,
1263 4393 1418 4450 conversio
1441 4391 1566 4464 Τιιιιι,
1590 4391 1642 4452 sub

294 4484 451 4552 aequatorc
473 4475 607 4553 aequalis
636 4477 683 4534 sit.
729 4475 775 4534 lta
797 4493 866 4536 vero
893 4493 951 4536 non
980 4481 1089 4553 primus
1112 4476 1160 4538 ille
1182 4476 1290 4553 gradus
1320 4493 1428 4537 annum
1454 4478 1642 4554 significabit,

294 4565 344 4636 qui
367 4566 440 4622 ortui
464 4565 601 4636 accessit,
632 4562 684 4622 sed
713 4577 813 4641 omncs
837 4561 924 4623 361⁰.
969 4565 1101 4642 Cumque
1130 4567 1211 4643 prius
1239 4563 1451 4640 significatores
1478 4568 1641 4625 stercutio

295 4647 344 4707 illo
367 4647 524 4727 odpurrornp
546 4651 732 4726 imaginario,
761 4650 966 4712 accedentibus
996 4651 1033 4710 ad
1062 4653 1117 4712 bos
1144 4653 1384 4728 promissoribus,
1413 4653 1475 4728 iam
1504 4653 1641 4728 fingimus

295 4734 432 4796 accedere
453 4736 663 4814 significaturos
686 4737 724 4797 ad
746 4740 944 4818 promissores.
976 4738 1065 4802 ‚uoco
1087 4741 1218 4803 itabens
1240 4740 1352 4804 habeut
1373 4742 1404 4800 in
1426 4747 1507 4802 motu
1528 4739 1639 4800 diurno.
