3478 5424
476 1515 785 1604 Prooemium
814 1516 1041 1604 Editoris.

681 1737 835 1750 ffl-

189 1877 331 1956 Keplarus
358 1882 546 1940 annotatione
568 1878 698 1941 secunda
728 1879 768 1938 cd
788 1887 958 1956 sequentem
980 1879 1085 1940 librum
1107 1881 1207 1954 refert,
1238 1897 1296 1958 qua
1318 1882 1429 1940 ratione

99 1967 226 2043 pn'cribus
247 1969 332 2026 aunis
347 1967 385 2026 ad
400 1967 501 2027 Lunae
517 1967 777 2028 considerationem
791 1984 823 2028 se
839 1966 1039 2044 applicaverit.
1074 1971 1159 2028 Anno
1178 1973 1258 2029 1593
1276 1967 1430 2044 'lubiugae

98 2071 125 2114 sa
143 2056 285 2131 scripsisse
307 2055 405 2114 theses
426 2057 457 2113 in
479 2071 564 2114 usum
588 2054 706 2114 Beseldi
728 2055 791 2132 (cir.
808 2054 866 2114 rol.
883 2055 905 2112 l.
929 2073 958 2131 p.
977 2053 1037 2135 14),
1062 2074 1134 2132 quae
1158 2055 1318 2128 Beseldus,
1341 2073 1430 2131 prae-

99 2140 151 2199 side
171 2141 330 2218 professore
351 2141 469 2219 linguae
490 2142 600 2202 latinae
622 2152 652 2202 et
672 2158 795 2219 graecae
811 2141 880 2201 Vito
895 2141 1021 2202 Millero
1041 2141 1237 2203 defendendas
1259 2145 1289 2200 in
1312 2143 1430 2218 publica

100 2227 280 2305 disputatione
302 2231 469 2306 susceperit.
507 2229 573 2290 Hae
587 2229 707 2306 Keplsri
730 2228 828 2290 theses
850 2229 937 2306 plane
959 2231 1114 2306 perierunt,
1138 2231 1194 2288 nisi
1215 2230 1254 2289 sit
1275 2246 1429 2288 assumen—
1551 2253 1554 2258 ·

99 2313 165 2389 duro,
186 2316 252 2375 illas
274 2333 308 2376 er
330 2325 413 2392 parte
428 2315 544 2392 quidem
568 2324 760 2377 transsumtas
782 2333 845 2377 esse
868 2319 896 2402 ip
914 2315 1114 2392 „Somnium‚“
1139 2334 1204 2377 cum
1227 2319 1290 2393 ipae
1306 2317 1429 2376 allirnret

98 2402 158 2479 (rol.
179 2402 216 2468 lI.
239 2421 268 2480 p.
293 2401 382 2482 rei),
411 2403 543 2480 placuise
571 2406 626 2464 sibi
651 2403 687 2465 de
710 2406 849 2464 creaturis
874 2406 903 2462 in
927 2403 1011 2464 Luna
1034 2405 1201 2465 virentibus
1221 2405 1283 2480 jam
1307 2403 1376 2464 olim
1400 2407 1429 2462 in
1457 2399 1460 2407 ’

97 2489 279 2567 disputatione
302 2489 455 2567 Tubingae
487 2509 563 2551 euno
588 2496 669 2552 1593
701 2493 825 2568 scripta,
854 2491 920 2551 inde
949 2493 977 2549 in
1002 2490 1114 2570 Opticis
1138 2491 1210 2567 (rol.
1235 2491 1275 2551 11.
1299 2509 1328 2568 p.
1354 2493 1430 2570 286)

97 2585 122 2636 et
145 2580 172 2637 in
202 2577 401 2655 ,geographia
422 2577 536 2637 lunari“
561 2576 705 2658 (Somnio)
734 2578 841 2638 ludere.
888 2578 1034 2639 'iberibus
1062 2579 1108 2638 hia
1137 2587 1212 2639 certe
1241 2579 1374 2640 innixum
1401 2588 1431 2640 et

97 2663 210 2726 Galilaei
233 2665 365 2742 „Nunnio
387 2664 520 2726 sidereo“
545 2666 743 2726 confirmatum
759 2665 917 2742 Keplerum
932 2665 1039 2726 adiisse
1061 2669 1267 2728 astronomiam
1289 2666 1430 2741 lunarem,

96 2768 147 2810 uon
166 2755 193 2810 in
214 2752 335 2814 dubium
359 2751 538 2828 vocandum,
569 2754 614 2812 bis
643 2753 726 2814 lectis
748 2753 868 2829 Kepleri
897 2755 1007 2828 verbis,
1038 2773 1074 2814 ex
1097 2755 1348 2828 „l)issertatione“
1374 2764 1428 2814 stc.

24 2891 25 2894 ,
96 2838 158 2918 (rol.
177 2839 214 2899 Π.
237 2859 267 2917 p.
293 2837 367 2920 496)
389 2840 544 2901 desumtls:
570 2840 663 2916 „Cum
685 2841 757 2900 lolio
782 2843 841 2900 287
867 2839 990 2917 Opticae
1013 2844 1187 2901 sententiam
1203 2840 1351 2901 Plutarchi
1374 2841 1429 2900 ad-

96 2925 230 2988 duxissem
251 2928 304 3004 (de
325 2928 447 2988 maculis
470 2923 596 3006 Lunae),
620 2944 678 2988 uon
702 2927 834 2988 dubitari
857 2944 904 2987 me
927 2945 1076 3005 opponere
1099 2936 1129 2988 et
1150 2932 1295 2989 contraria
1317 2929 1429 2989 ratione

96 3016 121 3070 iu
140 3013 255 3075 maculis
278 3017 468 3088 continentes,
491 3017 520 3074 ln
543 3015 641 3075 lucida
663 3017 789 3092 puritate
811 3015 941 3075 humoris
963 3018 1023 3074 vim
1046 3033 1165 3092 ponere,
1189 3032 1248 3092 qus
1269 3017 1299 3073 in
1314 3034 1345 3075 re
1358 3016 1429 3075 mihi

96 3100 275 3162 Wackberiua
298 3102 344 3176 (S.
368 3101 400 3161 C.
424 3101 465 3162 il.
489 3102 679 3162 consiliarius
701 3110 731 3162 et
753 3101 783 3162 S.
808 3101 972 3179 Imperialis
1002 3102 1174 3162 Consistorii
1196 3101 1428 3178 Reserandarius‚

95 3187 209 3264 Keplero
231 3193 362 3267 apprime
383 3189 497 3266 taraus)
522 3189 608 3250 valde
630 3189 809 3267 applaudere
831 3198 877 3250 est
898 3190 1009 3250 solitus.
1057 3190 1197 3268 Adeoque
1226 3190 1271 3249 his
1295 3190 1429 3266 disputa-

96 3276 210 3336 tionibus
224 3280 366 3355 superiori
381 3285 492 3338 aestate
507 3272 616 3357 (1609)
637 3278 809 3338 indulsimus
832 3277 938 3356 (erede,
963 3277 1042 3354 quod
1064 3285 1169 3338 natura
1191 3295 1243 3354 per
1256 3294 1310 3336 nos
1326 3276 1427 3336 eadem

24 3401 25 3424 r
96 3364 272 3439 moliebatur,
296 3381 371 3440 quae
394 3353 445 3443 per
468 3363 632 3424 Galilaeum
656 3366 781 3426 obtinuit
803 3365 892 3441 paulo
914 3366 1011 3444 post),
1039 3373 1072 3424 ut
1093 3369 1121 3423 in
1146 3365 1237 3442 ipsius
1260 3365 1428 3425 Waclrberii

24 3461 26 3490 l
94 3452 205 3525 gratiam
226 3455 316 3512 etiam
338 3453 544 3512 echonomiam
558 3469 675 3527 noram,
699 3453 782 3529 quasi
804 3469 857 3530 pro
880 3453 924 3526 iis,
948 3454 1042 3529 quiin
1060 3453 1301 3527 Lunahabitaut,
1324 3452 1427 3529 plane-

95 3555 144 3614 que
163 3538 370 3616 geographiam
393 3537 539 3616 quandam
558 3539 691 3600 iuuarern
715 3539 899 3600 couderam“.

186 3625 257 3687 lude
279 3627 317 3686 ab
340 3642 376 3686 eo
397 3635 526 3704 tempore
549 3644 641 3703 usque
663 3625 701 3686 ad
716 3644 822 3688 annum
842 3633 933 3700 1623,
957 3625 1060 3685 nullibi
1076 3627 1200 3686 occurrit
1225 3625 1427 3703 ,Somnium“,

95 3713 174 3774 verbo
194 3713 289 3774 solum
312 3720 443 3791 excepto,
468 3731 526 3791 qno
548 3714 652 3774 librum
669 3713 786 3792 quidem
801 3713 945 3790 Keplerus
966 3731 1026 3772 nou
1048 3715 1192 3785 nominat,
1215 3712 1267 3773 sed
1291 3720 1366 3773 certe
1389 3713 1427 3774 ad

96 3816 153 3858 eum
172 3803 299 3878 respicit,
321 3803 351 3860 in
374 3797 511 3878 Epitome'
532 3801 603 3878 (rol.
627 3802 679 3860 Vl.
703 3821 732 3880 p.
752 3797 825 3880 486)
848 3801 962 3860 dicens:
988 3799 1092 3874 „Luna
1114 3800 1203 3862 habet
1224 3800 1426 3878 pleniterreum

95 3887 171 3960 (elidi
191 3887 403 3966 pleuirolrinm
425 3884 584 3968 appello).“
631 3889 716 3948 Auno
742 3893 834 3952 1623.
857 3887 931 3947 haec
954 3887 1004 3947 dat
1027 3888 1226 3965 cheggero:

173 3975 331 4036 'Luumem
344 3976 558 4035 Asbonomiam
581 3983 648 4036 ente
671 3977 827 4047 biennium,
850 3981 883 4036 ut
903 3976 1027 4051 primum
1043 3975 1175 4036 lineium
1197 3991 1271 4042 sum,
1283 3991 1426 4050 reversus,

94 4061 216 4124 recudere
238 4066 323 4141 coepi
345 4080 397 4122 seu
420 4066 518 4139 potius
534 4065 611 4123 uotis
632 4059 786 4124 illirstrere.
816 4061 924 4122 Verum
940 4062 1061 4122 adhaesi
1075 4065 1282 4140 exspectationi
1304 4063 1427 4123 trustra·

94 4164 157 4210 neae
178 4151 268 4210 libelli
291 4152 387 4228 gruem
410 4149 559 4209 Plutarchi
581 4149 617 4211 de
640 4151 715 4210 lucie
737 4151 852 4220 Lunae,
884 4167 969 4226 quem
993 4149 1108 4210 Vienna
1136 4153 1186 4227 qui
1214 4151 1348 4228 promisit
1368 4167 1425 4208 nou

24 4285 26 4322 ἰ
94 4237 234 4298 submittit
278 4238 323 4296 Ex
352 4237 478 4298 lectione
509 4239 651 4297 versionis
682 4237 880 4315 Xyleudricae
915 4236 1017 4296 videor
1045 4237 1231 4311 subodorari,
1267 4237 1337 4314 quid
1369 4238 1425 4298 eibi

94 4323 207 4384 soluerit
227 4323 421 4402 philosophus
442 4328 472 4382 in
495 4324 616 4398 lacunis,
640 4325 746 4386 haereo
769 4329 882 4399 tamsu3
912 4323 1016 4400 quodsi
1040 4340 1116 4400 quae
1145 4325 1266 4384 lucunas
1293 4327 1423 4402 proxime

95 4412 256 4472 mteesduut
279 4421 308 4472 ct
329 4419 490 4488 sequuntur
512 4429 548 4472 ea
569 4427 674 4488 graece
697 4411 838 4488 legerem,
871 4413 979 4470 rectius
1006 4429 1051 4471 me
1081 4411 1255 4488 expedirem.
1301 4411 1376 4485 Quid
1400 4414 1425 4470 si

95 4504 119 4556 ct
136 4517 198 4559 mea
220 4506 251 4560 et
264 4499 415 4560 Plutarchi
437 4494 651 4575 graeco-latina
673 4514 730 4558 uuo
754 4497 852 4559 libello
876 4497 1049 4558 ederentur?
1080 4499 1117 4556 lit
1130 4516 1205 4558 anne
1228 4497 1315 4574 digne
1337 4499 1424 4556 etiam

95 4581 239 4646 Luchnica
262 4586 490 4660 commendatio,
517 4585 684 4646 scu'libelli
705 4602 793 4646 verse
815 4586 963 4658 historiae,
986 4587 1036 4661 qui
1058 4585 1224 4645 addantur?
1261 4584 1424 4644 Audiamus

96 4678 119 4728 et
130 4672 164 4734 D.
179 4673 397 4751 Lingelshcmii,
421 4691 507 4750 quem
530 4673 600 4732 mibi
623 4670 818 4746 commendas,
838 4672 989 4749 judicium,
1014 4675 1060 4732 cui
1075 4690 1130 4746 me,
1154 4676 1216 4732 riro
1239 4672 1290 4731 tall
1307 4672 1423 4748 qualem

97 4761 190 4837 subu,
213 4763 301 4840 cupio
323 4779 388 4823 esse
410 4759 651 4823 commendatum.
697 4766 758 4834 (cn.
778 4769 936 4832 v01.vi.p.
956 4765 1027 4832 era.)
