3398 5426
229 1811 273 1868 Ex
292 1812 386 1892 schola
404 1811 523 1884 Kepleri,
541 1812 641 1900 habita·
652 1813 680 1872 iu
698 1808 845 1886 eumancio
856 1807 1011 1875 ,Graeceusi
1029 1825 1053 1866 o.
1072 1825 1096 1868 a.
1118 1809 1192 1866 1597.

296 2024 450 2108 lairico
477 2027 638 2110 tioorlue
665 2025 905 2110 secundorum
934 2020 1130 2107 mobilium.

659 2237 763 2250 ,η

137 2360 216 2420 Ante
240 2363 338 2424 omnia
361 2363 402 2421 sia
427 2365 583 2422 instructus
603 2362 687 2438 juste
709 2362 811 2438 regula
834 2369 862 2421 et
878 2362 993 2432 circino,
1019 2360 1085 2419 dein
1108 2358 1224 2435 aequali
1248 2359 1387 2434 eiplaue

5 2471 6 2474 ¹
36 2447 136 2509 ‚tabula
158 2449 360 2525 cujuscunque
384 2453 533 2522 materiae,
556 2451 643 2510 modo
667 2451 837 2521 constantis,
861 2467 954 2524 eaque
976 2465 1087 2526 papyro
1104 2447 1241 2508 obducta.
1280 2447 1388 2522 Cujus·

5 2557 10 2576 τ
40 2536 112 2594 modi
144 2537 266 2596 motulae
297 2554 361 2596 cum
394 2539 564 2613 plerumque
594 2541 653 2598 siut
676 2537 896 2615 quadrangulae
920 2535 1080 2612 oblongus,
1111 2543 1141 2592 tu
1171 2534 1304 2608 longiora
1327 2535 1386 2596 due

40 2623 127 2683 latera
151 2624 284 2683 dextrum
315 2632 344 2683 et
372 2628 534 2697 sinistrum,
567 2625 624 2684 duo
657 2627 804 2686 bueviora
833 2641 977 2684 surnmum
1007 2632 1037 2683 et
1066 2621 1193 2680 infimum
1223 2622 1326 2694 dicito,
1358 2631 1388 2682 et

39 2710 133 2781 titulo,
164 2729 251 2787 quem
275 2710 393 2771 tabulae
416 2729 480 2772 esee
504 2713 642 2786 volueris,
667 2715 805 2790 inscripto
828 2713 960 2783 cavebis,
983 2729 1019 2771 ue
1043 2711 1071 2768 iu
1093 2711 1282 2784 sequentibus
1304 2727 1386 2770 euru·

5 2869 6 2874 γ
40 2815 112 2856 mum
136 2816 203 2857 cum
228 2798 325 2858 iulimo
349 2799 517 2858 confundas.

137 2883 209 2944 ,Iam
234 2905 252 2944 a
275 2887 376 2946 dextro
400 2887 436 2946 ed
460 2891 607 2946 sinistrum
630 2887 737 2947 lineam
758 2887 869 2964 justam
884 2901 1000 2945 coccam
1017 2883 1125 2956 ducito,
1149 2885 1191 2943 sic
1214 2892 1247 2944 ut
1269 2884 1319 2943 ille
1335 2903 1387 2962 per

40 2971 161 3031 medium
187 2973 306 3034 tabulae
329 2983 465 3034 transeat.
511 2974 596 3034 Hanc
619 2983 813 3037 transversam
841 2989 959 3033 coccam
986 2972 1093 3031 lineum
1116 2974 1144 3029 in
1169 2974 1226 3032 duo
1249 2973 1387 3047 aequalia

37 3059 111 3133 juste
135 3060 271 3118 dividite.
317 3060 349 3119 ln
373 3071 482 3138 puncto
509 3063 663 3120 divisionis
689 3065 801 3138 juratam
829 3060 1097 3138 perpendicularem
1127 3059 1303 3133 coloratam,
1334 3058 1386 3119 sed

37 3147 173 3216 sublilem
195 3146 362 3218 admodum,
388 3149 528 3210 beneficio
551 3152 648 3209 circini
671 3152 785 3224 erigite.
832 3149 981 3208 Transibit
1003 3149 1091 3222 igitur
1114 3143 1164 3206 illa
1187 3165 1237 3222 per
1259 3147 1398 3208 medium

38 3234 152 3294 tabulam
176 3236 337 3308 secuudum
360 3236 581 3313 longitudinem.
612 3235 670 3296 Ubi
693 3255 781 3298 coeca
804 3243 834 3297 et
855 3236 986 3296 colorata
1009 3236 1088 3293 linea
1109 3253 1140 3293 ee
1157 3246 1258 3294 mutuo
1274 3243 1384 3305 secant,
1472 3263 1475 3270 ·

37 3322 75 3380 ibi
97 3331 230 3391 centrum
252 3327 380 3388 omnium
404 3327 517 3386 ethium
539 3326 678 3398 cogitato.
724 3325 821 3400 Atque
845 3323 914 3382 huic
936 3331 1044 3398 pruneto
1068 3324 1232 3382 memineris
1254 3324 1385 3398 apprime

38 3426 166 3484 parcere,
200 3413 431 3487 quotiescunque
462 3429 516 3471 usu
546 3414 644 3470 seruiat
674 3419 705 3472 ut
728 3413 754 3472 ei
786 3412 883 3470 circini
913 3409 1017 3486 pedem
1046 3411 1204 3486 imprimas.
1248 3409 1280 3470 Si
1309 3413 1386 3470 euim

38 3499 119 3558 uiruis
142 3515 275 3556 crassum
299 3497 464 3570 reddideris,
489 3502 598 3560 iuecrta
622 3500 675 3558 erit
698 3501 791 3558 omnis
814 3500 910 3558 lutura
933 3499 1060 3574 partitio.

139 3583 262 3644 Lineenr
287 3587 373 3660 igitur
396 3604 512 3646 coccam
535 3604 556 3652 a
576 3596 673 3645 cerrtro
697 3586 849 3662 usquead
872 3584 950 3644 latus
975 3583 1019 3644 rel
1050 3585 1109 3644 iere
1132 3601 1225 3660 usque
1248 3583 1285 3644 ed
1308 3583 1386 3644 latus

39 3671 189 3746 (puuctum
215 3679 312 3732 erstem
336 3673 433 3744 iacies,
459 3676 507 3733 ubi
532 3673 610 3733 illam
634 3677 788 3734 terminare
805 3667 968 3756 placuerit),
992 3689 1057 3732 cum
1076 3673 1158 3748 justo
1175 3681 1203 3731 et
1219 3680 1305 3730 acuto
1329 3675 1385 3730 cir-

39 3759 101 3818 culo
124 3758 243 3818 divides
265 3763 294 3818 in
320 3766 379 3820 100
396 3762 554 3837 porticulus
576 3761 724 3838 aequales.
755 3759 841 3836 erod
863 3767 896 3820 ut
917 3767 999 3818 terito
1015 3760 1195 3818 commodius
1210 3757 1270 3832 flat,
1286 3756 1386 3818 divide

38 3848 160 3921 primum
192 3856 283 3906 totam
313 3849 392 3907 illam
413 3866 433 3907 a
456 3861 554 3909 centro
581 3865 675 3924 usque
705 3847 742 3907 ad
772 3849 836 3924 ejus
864 3849 1016 3908 terminum
1046 3849 1074 3903 in
1100 3853 1118 3906 is
1142 3846 1184 3922 (et
1207 3854 1293 3906 nota:
1327 3864 1384 3905 uon

39 3931 100 3992 dico
122 3943 152 3994 te
177 3933 283 3995 debere
308 3941 325 3996 5
350 3953 428 3994 nova
451 3945 556 4012 plancta
580 3953 701 4012 ponere,
726 3937 767 3994 sic
790 3937 866 3993 enim
890 3933 1017 3994 efficeres
1040 3951 1097 3993 uon
1122 3938 1139 3993 5
1164 3933 1214 3992 sed
1232 3939 1248 3992 6
1266 3931 1385 4010 partes).

38 4019 149 4080 Deinde
182 4021 283 4080 herum
310 4027 327 4083 5
351 4025 557 4099 particulamm
581 4022 741 4098 quamlibet
772 4039 882 4092 rursum
906 4025 934 4078 in
960 4027 994 4091 5,
1028 4031 1060 4080 ut
1087 4019 1158 4080 fiant
1182 4024 1222 4081 25
1246 4019 1386 4096 aequales

38 4109 208 4184 particulae,
232 4127 353 4184 quarum
378 4111 508 4187 singulae
534 4114 562 4168 in
587 4117 605 4170 2
629 4109 758 4182 divides,
789 4117 822 4168 ut
849 4109 959 4168 habeas
984 4115 1038 4179 50,
1068 4117 1097 4166 et
1126 4109 1227 4166 hurum
1259 4107 1385 4182 denique

37 4195 166 4270 singulas
191 4199 219 4254 iu
244 4204 262 4256 2
286 4197 419 4258 dividens
443 4197 564 4257 habebis
591 4203 659 4256 100.
703 4195 860 4256 Adscribes
883 4203 981 4255 autem
1011 4196 1140 4256 decimae
1164 4198 1268 4271 cuique
1290 4199 1385 4272 perti·
1491 4176 1500 4196 '¹

39 4284 118 4344 culae
145 4303 232 4342 surana
256 4303 406 4344 numerum
429 4303 557 4356 coecum,
580 4303 598 4342 a
621 4293 719 4344 centro
743 4301 872 4344 exorsus.
1331 4355 1332 4358 Ἴ

138 4371 210 4431 Jam
227 4371 264 4430 ad
280 4371 410 4431 tabulam
427 4371 630 4449 perficiendum
653 4387 727 4448 opus
750 4371 801 4430 tibi
827 4373 881 4430 crit
903 4372 1022 4430 seorsim
1045 4370 1144 4445 aliqua
1169 4368 1272 4442 rotula,
1298 4385 1384 4446 quam

41 4473 75 4516 cx
97 4475 193 4518 aenea
217 4457 324 4519 lamina
347 4459 407 4519 lieri
431 4463 572 4536 optimum
595 4469 647 4518 eat
692 4457 775 4532 Quae
797 4461 920 4517 materis
941 4459 967 4515 si
989 4455 1089 4516 haberi
1113 4472 1170 4515 nou
1193 4463 1304 4532 potest,
1333 4473 1385 4514 au-

39 4555 132 4604 matur
156 4541 287 4622 papyrus
311 4549 445 4623 utrinque
467 4547 606 4620 mundos,
631 4546 722 4604 tribus
752 4555 803 4603 eut
825 4562 968 4605 summum
992 4553 1116 4619 quatuor
1139 4543 1215 4602 loliis
1238 4543 1385 4614 congluti-

5 4645 6 4648 ’
41 4643 135 4702 natus,
160 4634 246 4708 cujus
268 4632 393 4692 latitudo
415 4637 454 4692 sit
477 4635 535 4693 iere
559 4643 590 4694 ut
613 4631 662 4692 illa
684 4633 770 4704 linea,
794 4633 822 4690 in
849 4639 909 4692 100
932 4641 1029 4709 partes
1053 4631 1157 4692 divisa.
1202 4629 1236 4688 Iu
1260 4629 1316 4689 hac
1339 4639 1386 4689 ta·

40 4719 118 4778 bella
142 4720 232 4779 duces
257 4727 273 4781 a
298 4720 392 4780 lineus
416 4721 584 4793 circulares,
609 4720 723 4795 aequali
747 4721 900 4780 intervallo
923 4727 1061 4790 remotas,
1093 4735 1132 4776 ec.
1157 4734 1221 4776 cum
1245 4717 1385 4794 amplitu-

40 4805 105 4866 dine
130 4813 189 4878 36,
215 4813 270 4879 38,
296 4813 334 4868 40
359 4811 492 4884 partium.
539 4807 648 4866 Harum
672 4805 796 4867 mediam
819 4812 929 4883 nigram
954 4805 1066 4865 divides
1095 4821 1159 4864 cum
1183 4807 1303 4865 immoto
1328 4809 1385 4865 cir·

7 4928 13 4951 .
39 4897 101 4954 cino
124 4898 190 4956 siue
212 4899 330 4974 negotio
353 4898 381 4956 iu
405 4903 502 4976 partes
526 4902 554 4960 6.
590 4895 702 4956 Harum
726 4899 851 4974 partium
874 4894 1103 4956 extremitatibus
1126 4894 1221 4973 incipe
1244 4912 1263 4954 a
1285 4893 1386 4956 dextre
