3436 5416
608 389 633 450 1.
650 389 852 452 mamea.
1280 469 1283 478 g
1352 385 1416 458 ttr
1579 353 1590 438 f
1610 348 1709 400 ³

53 583 178 628 enrmm
203 573 256 634 snt
277 583 368 630 annm
399 576 452 630 ant
473 566 604 643 infinita,
634 579 695 630 um
723 571 849 649 angulos
873 587 962 648 quarn
983 564 1085 630 latera
1130 567 1292 647 Regulsria
1315 571 1414 630 omnia

49 658 80 714 in
102 655 249 716 circulum
271 657 426 734 quadrant,
450 659 493 718 sic
516 659 614 718 omnia
636 658 791 737 triangula,
814 663 858 720 sic
881 661 980 719 omnia
1002 655 1275 734 parallelogramma
1296 666 1415 718 rectan-
1455 657 1456 664 ’

50 742 131 818 gata
173 743 220 804 Er
242 745 421 822 reetangulls
436 743 532 806 solida
553 747 724 824 rectanguls
746 747 828 823 liunt,
851 749 878 808 si
902 748 1007 808 ductus
1021 762 1080 806 non
1094 753 1208 804 tanturn
1230 753 1335 819 rectus,
1360 741 1414 804 sed

51 831 143 890 etiam
169 829 218 892 bis
238 832 428 908 raciangulns
451 838 509 908 εει,
540 832 607 893 inde
636 833 843 911 dependente
868 831 1089 906 aliaelormae,
1120 833 1146 892 si
1173 849 1204 892 n.
1228 831 1333 892 duetus
1361 840 1415 894 aut

52 916 148 978 semel
172 926 228 978 aut
249 936 400 996 nunquam
421 919 618 997 resurgatur.
649 921 684 980 ln
707 927 800 998 primo
824 926 923 984 omnia
945 921 1038 981 latera
1059 918 1312 998 perpendicularis
1334 929 1413 993 snnt,

50 1020 157 1066 omnes
182 1007 284 1082 anguli
306 1010 393 1082 recti,
416 1009 446 1068 in
469 1007 598 1068 seeundo
621 1007 680 1070 duo
703 1013 840 1088 opposita
864 1028 900 1072 ex
922 1009 1019 1086 planis
1041 1015 1130 1082 recta,
1154 1008 1255 1085 aliqua
1283 1006 1412 1082 obliqua,

50 1095 81 1154 in
104 1095 201 1154 tertia
231 1097 329 1156 omnia
356 1094 447 1174 plana
477 1096 602 1156 invicem
630 1097 752 1175 obliquo
782 1099 893 1176 angulo
921 1097 1040 1174 juncta,
1071 1113 1172 1158 ornnes
1201 1094 1283 1172 plani
1314 1093 1414 1173 anguli

51 1181 183 1258 obliqui.

162 1268 196 1330 Si
212 1268 332 1346 planum
355 1285 457 1330 means
476 1268 653 1347 quadratum
676 1277 706 1331 et
728 1270 832 1334 ductas
847 1272 932 1333 lateri
948 1269 1080 1347 aequalis
1096 1270 1160 1345 init,
1184 1277 1298 1330 meatur
1312 1271 1414 1344 cubus,

53 1355 144 1431 cnjus
168 1359 267 1416 omnia
289 1356 387 1433 plana,
411 1356 520 1430 latera,
544 1357 646 1434 anguli
668 1361 794 1420 invicem
815 1360 957 1438 aequales
978 1367 1009 1419 et
1031 1360 1113 1419 recti.
1158 1356 1189 1418 Si
1213 1358 1334 1434 planum
1357 1359 1415 1418 cir·
1522 1391 1527 1402 -
1624 1327 1691 1445 [fs

51 1444 142 1504 caius
165 1443 230 1515 init,
253 1449 367 1506 creatur
388 1444 532 1522 cylinder,
554 1446 680 1506 rotunda
701 1450 830 1524 pariete,
853 1451 946 1508 miris
968 1448 1148 1524 quantitate,
1172 1445 1219 1504 val
1234 1444 1314 1522 quod
1336 1445 1414 1505 idem

54 1537 111 1604 esi,
137 1530 446 1616 parallelogrammum
467 1534 671 1610 rectangnlnm
694 1551 752 1595 nno
774 1535 866 1596 latare
889 1533 1040 1610 immobili,
1064 1533 1177 1610 reliquo
1192 1531 1414 1594 circumvoluta.

52 1617 171 1680 Verum
194 1619 237 1677 sio
260 1634 318 1679 non
342 1621 435 1680 omnis
459 1620 597 1699 cylinder,
621 1626 723 1699 otique
744 1639 803 1682 non
825 1640 953 1699 presens.

162 1703 268 1768 Sceuae
281 1705 394 1783 figurae
409 1724 447 1768 ex
461 1709 547 1770 meris
571 1708 727 1771 rectilineis
741 1709 964 1772 denominantur
979 1707 1157 1789 pyramides,
1181 1725 1247 1768 enm
1270 1709 1300 1766 ia
1323 1707 1417 1768 altera

53 1793 176 1856 basiam
198 1795 314 1870 signato
336 1802 446 1871 puncto
468 1795 506 1856 sb
529 1795 650 1856 alterins
670 1796 811 1858 laustinus
838 1799 870 1858 iit
891 1801 993 1860 sectio.
1039 1797 1078 1857 Et
1100 1796 1222 1858 totidem
1242 1794 1317 1856 liunt
1338 1812 1418 1856 nora

52 1880 217 1960 triangula,
240 1888 312 1958 qnot
334 1885 363 1940 in
386 1891 485 1946 creato
509 1890 592 1944 erant
612 1900 693 1945 nora
714 1884 998 1964 parallelogramma.

165 1969 212 2030 Ex
235 1967 375 2047 cylindris
397 1977 496 2032 saeue
518 1969 742 2032 denominantur
764 1975 847 2047 coni,
878 1974 930 2033 nbi
951 1989 1005 2050 pro
1028 1971 1146 2030 infinitis
1170 1969 1218 2029 rel
1241 1985 1300 2028 nno
1323 1967 1416 2030 latere

53 2055 138 2118 basis
161 2058 194 2114 in
217 2055 349 2135 cylindro
372 2057 485 2120 infinita
507 2061 598 2119 etiam
620 2057 668 2120 rsl
690 2070 781 2122 unum
803 2067 918 2121 tsntnm
939 2059 1118 2136 triangulum
1140 2059 1279 2118 lactentia
1302 2058 1331 2116 in
1346 2073 1415 2116 seo-

52 2147 150 2218 tione,
175 2146 258 2218 sire,
291 2143 370 2222 quod
392 2145 470 2206 idem
493 2153 550 2220 est,
574 2147 753 2224 triangulum
774 2148 976 2224 rectangnlnm
998 2148 1091 2208 altero
1114 2147 1191 2206 circe
1214 2151 1324 2204 rectum
1347 2142 1415 2220 fixo,

1 2291 3 2296 ,
52 2231 204 2308 reliquum
227 2231 362 2294 rolatum
384 2234 455 2295 iacit
476 2249 597 2309 conum,
622 2235 675 2296 sed
698 2238 814 2296 nonnisi
835 2236 1015 2314 regularem
1045 2235 1137 2311 pressi
1166 2232 1243 2293 enirn
1267 2230 1333 2292 inde
1357 2247 1415 2290 non

54 2323 193 2382 veniunt.

145 2407 320 2483 Composita
340 2414 418 2481 sunt,
440 2415 587 2486 quotquot
609 2411 686 2469 inter
706 2426 797 2486 supra
818 2411 927 2487 scripta
949 2407 1047 2470 rsierri
1063 2423 1121 2466 non
1144 2413 1268 2482 possunt
1290 2413 1416 2481 snntqne

56 2496 149 2554 etism
172 2493 296 2556 indulta.
341 2493 562 2572 componuntnr
593 2504 691 2557 autem
714 2497 831 2574 singula
851 2515 886 2558 er
910 2505 954 2558 tot
975 2494 1193 2574 pyramidibus,
1224 2499 1297 2570 quot
1318 2493 1415 2570 planis

1 2609 2 2612 ¹
53 2581 244 2645 clauduntur.
274 2581 370 2644 Plana
392 2583 480 2644 bases
503 2591 573 2644 snnt
594 2587 849 2662 componentium,
872 2601 1025 2646 marronea
1051 2585 1207 2642 introrsum
1231 2583 1317 2654 versi,
1341 2597 1413 2642 con-

54 2678 209 2732 currentes
231 2686 297 2730 cnm
320 2677 419 2732 centro
441 2670 562 2747 figurae.
607 2671 641 2732 ln
665 2675 744 2734 omni
765 2673 918 2752 pyramide
941 2671 1088 2732 stabilitae
1111 2673 1195 2731 inest.

162 2755 320 2834 Multiplex
343 2769 388 2820 est
410 2757 542 2821 delectus
565 2761 594 2818 in
618 2762 799 2836 corporibus.
835 2761 910 2822 Nam
933 2777 1009 2837 quse
1032 2759 1139 2830 latera,
1161 2757 1266 2833 plana,
1290 2755 1415 2840 angulos

53 2843 170 2908 babent
192 2843 350 2922 aequales,
372 2863 409 2907 ac
431 2846 520 2924 plana
541 2847 706 2924 regularia,
730 2849 876 2927 regularia
898 2855 927 2910 et
949 2846 1097 2907 mundans
1120 2861 1242 2922 corpora
1265 2843 1415 2918 dicuntur;

52 2932 174 3010 reliqna
195 2949 256 3009 qno
278 2935 371 3010 magis
393 2933 547 3010 recedunt,
575 2952 610 2996 eo
638 2939 734 2997 minus
763 2939 941 3013 geometrice
971 2941 1047 2994 sunt.
1093 2931 1246 3008 Quaedam
1277 2934 1354 2991 enim
1385 2933 1416 2988 in

52 3020 187 3082 wenndo
211 3018 313 3082 ordina
335 3022 461 3098 angulos
482 3021 594 3084 solidos
617 3031 647 3082 et
668 3021 762 3084 latera
785 3023 920 3100 aequalia
950 3022 1059 3082 babent
1085 3021 1236 3098 planaque
1258 3020 1415 3098 regularia,

52 3106 109 3168 sed
132 3111 234 3184 mixta,
257 3117 287 3169 et
308 3109 420 3170 solidos
442 3113 559 3184 mixtos,
581 3127 659 3188 quas
684 3111 876 3172 archimedes
898 3109 1040 3172 dicuntur.

288 3269 339 3326 De
361 3269 499 3339 angulis
520 3273 555 3328 et
576 3282 722 3328 numero
745 3269 936 3328 solidorum
958 3269 1179 3341 reginarium.

162 3369 298 3448 Angnlns
320 3373 491 3451 simpliciter
511 3374 624 3435 solidus
648 3374 762 3448 dicitnr,
785 3377 836 3453 qui
858 3376 966 3449 tribus,
989 3372 1185 3449 compositus,
1209 3368 1260 3446 qni
1284 3365 1416 3446 pluribus

55 3457 155 3536 plania
177 3457 332 3524 clauditur.
377 3461 560 3538 Angniornm
582 3462 753 3538 planorum,
777 3465 828 3540 qui
850 3462 975 3523 solidum
1000 3459 1155 3532 claudunt,
1185 3474 1299 3518 summa
1320 3458 1416 3516 minor

57 3553 104 3606 est
131 3554 257 3623 quatuor
286 3550 382 3610 rectis.
426 3549 575 3609 Maximus
604 3549 711 3627 planus
741 3568 855 3630 semper
882 3554 976 3611 minor
1006 3557 1051 3610 est
1079 3564 1193 3608 summa
1226 3545 1414 3621 reliquorum.

56 3631 133 3694 Inde
156 3651 270 3696 wmma
291 3633 417 3698 babetur
438 3635 626 3714 regularium.

163 3721 238 3782 llam
260 3723 438 3800 simplicium
459 3725 634 3801 angulorum
656 3725 818 3786 solidorum
840 3725 987 3802 regularia
1009 3725 1065 3784 tria
1088 3727 1172 3782 sunt:
1196 3736 1286 3778 unum
1310 3719 1338 3778 in
1361 3736 1415 3796 ge-

55 3809 177 3880 neratis,
201 3809 281 3886 qnod
302 3812 389 3872 rectis
411 3813 503 3872 tribus
525 3812 622 3888 planis
644 3812 788 3874 clauditur
812 3821 842 3874 et
862 3821 974 3873 rectum
996 3808 1123 3871 solidum
1146 3808 1217 3868 iacit
1240 3841 1283 3851 -
1304 3806 1414 3882 cubus3

59 3912 150 3954 naum
173 3898 203 3954 in
227 3899 325 3974 sactis,
348 3899 428 3976 quod
451 3901 545 3959 acutis
561 3901 654 3960 tribus
668 3903 697 3958 in
712 3899 840 3961 solidum
862 3909 982 3962 acutum
1004 3896 1158 3969 clauditur,
1182 3902 1212 3954 ct
1235 3901 1279 3953 est
1303 3897 1413 3952 tetrali-

4 3981 5 3986 ’
58 3981 163 4057 drum3
186 4001 276 4045 nnnm
298 3987 327 4044 in
350 3987 533 4066 compositis,
556 3985 636 4064 qnod
659 3987 772 4048 obtusis
795 3990 888 4049 tribus
910 3990 940 4046 in
963 3984 1089 4046 solidum
1109 3983 1247 4042 obtusum
1270 3979 1416 4041 clauditur

57 4102 101 4114 -
124 4069 338 4136 dodecaddron.
389 4073 625 4152 Compositorum
655 4075 831 4152 angulorum
860 4076 918 4135 duo
941 4079 1024 4145 sunt,
1057 4087 1147 4131 unum
1178 4067 1258 4145 quod
1288 4075 1415 4143 qnalnor

56 4157 156 4235 planis
177 4163 274 4222 acutis
297 4160 474 4222 insolidum
497 4169 576 4222 rento
597 4165 762 4240 proximum
785 4163 945 4234 clauditur,
978 4161 1062 4237 cujus
1084 4155 1186 4234 anguli
1211 4156 1269 4215 dno
1293 4171 1414 4231 compo·

58 4253 162 4306 nantes
184 4246 295 4323 singuli
316 4255 396 4310 recto
418 4248 508 4325 plano
531 4258 561 4309 st
582 4248 698 4311 dnobus
720 4253 815 4312 acutis
838 4249 1028 4322 claudantur,
1052 4246 1210 4308 octaedron
1233 4260 1270 4303 ex
1293 4257 1414 4319 compo-

59 4335 124 4393 sitis
150 4332 199 4394 vel
220 4336 310 4395 sectis
332 4353 368 4396 ex
390 4335 545 4398 tetraidro.
584 4334 691 4412 Unum,
715 4338 794 4416 quod
812 4343 829 4401 5
844 4339 939 4416 planis
955 4338 1050 4398 acutis
1072 4337 1103 4393 in
1125 4330 1252 4393 solidum
1276 4329 1413 4388 obtusum

59 4420 214 4497 clauditur,
239 4421 416 4483 divisibilem
438 4424 468 4481 iu
490 4430 548 4485 tres
562 4425 711 4502 simplices
728 4444 763 4486 ex
784 4429 953 4505 compositis
969 4424 1149 4502 corporibus,
1163 4453 1205 4464 —
1221 4417 1412 4478 leotaddtum·

60 4508 103 4567 Ex
128 4515 168 4569 10
185 4519 214 4570 et
233 4515 272 4570 12
297 4510 393 4588 planis
414 4511 487 4570 nibil
510 4511 542 4570 dt
565 4531 601 4573 ex
624 4515 718 4590 prima
739 4514 851 4591 regula.
880 4515 923 4573 Ex
946 4515 1039 4573 tribus
1053 4507 1229 4584 sexangulis,
1253 4512 1414 4582 septangu-

4 4657 6 4668 ,
58 4595 95 4655 lis
110 4603 168 4658 etc.
183 4596 266 4672 nibil,
289 4615 342 4676 per
363 4598 532 4660 secundam.
579 4601 622 4660 Ex
646 4601 840 4678 4quadratis,
864 4599 1092 4679 quinquangulis
1115 4607 1169 4657 etc.
1195 4591 1277 4667 nihil,
1300 4609 1352 4669 per
1375 4599 1413 4664 2,

58 4682 265 4746 multominus
287 4701 324 4748 ex
341 4691 369 4761 b,
386 4693 416 4762 a,
434 4690 451 4748 i
469 4693 524 4748 stc.
570 4687 615 4748 lla
638 4694 656 4749 6
674 4687 825 4766 triangulis
848 4689 938 4764 nihi,
960 4687 1171 4750 multominus
1194 4697 1229 4742 ex
1253 4678 1413 4759 quadratis,

60 4779 92 4834 at
112 4769 212 4834 adbuc
233 4775 330 4836 minna
353 4791 390 4836 ex
413 4781 441 4850 l,
458 4779 477 4836 8
494 4781 549 4836 etc.
571 4775 734 4854 triangulis.

164 4859 376 4939 Artbimsdea,
408 4879 485 4943 qnae
507 4861 664 4941 ordinatis,
697 4862 752 4926 sed
779 4883 839 4928 non
861 4863 966 4928 iisdem
988 4867 1096 4930 cedunt
1117 4859 1223 4940 planis.
1260 4854 1336 4918 Nam
1360 4873 1414 4918 ex-

110 4960 208 5018 Rapiat-t
220 4960 374 5019 opaeum.
1171 4960 1206 5018 12
