3436 5416
364 417 396 472 In
412 417 527 474 niumm
544 417 737 476 rideremus
753 418 837 476 raes
852 417 881 476 u
899 417 971 476 oue
987 386 1151 477 nmse.'=
1286 419 1399 490 ·121
1573 383 1582 392 ’

162 591 220 646 111.
239 590 277 646 At
294 590 326 647 P.
345 589 474 662 Virgilius
492 594 571 650 Maro
588 593 662 650 haud
680 593 763 664 paulo
781 593 859 652 aliter
871 593 1051 665 Proserpinae
1067 599 1158 665 partes
1177 595 1258 652 etiam
1276 594 1303 650 in
1316 595 1420 666 prima

74 665 148 724 illust
164 670 283 726 violenta
300 676 388 729 morte
406 675 541 744 messit:
565 680 596 729 ut
614 671 661 742 qni
679 674 736 730 tato
754 680 869 730 naturae
886 673 930 730 vel
948 674 1109 743 tempestiva
1125 681 1212 731 morte
1231 674 1402 740 decederent,
1466 673 1469 690 '

74 746 200 806 isiaoiles
219 750 296 806 daret
313 752 411 810 exitus.
448 754 542 824 ltaque
560 770 621 809 oum
638 753 709 810 Dido
727 754 829 825 periret
847 751 945 808 misere
964 753 1124 826 antediem,
1142 754 1296 811 luctabatur
1313 752 1403 810 anima
1468 751 1491 790 ³
1544 723 1555 752 ⁵
1602 719 1692 842 ζῖζῗὲ·

75 823 159 882 difficili
175 828 259 898 obitu,
276 828 340 899 quia

346 909 478 966 Nondum
494 911 538 967 urs
554 913 657 982 {laeum
674 913 846 983 Proserpina
861 913 960 969 susce
977 912 1079 967 uiuere

347 988 509 1046 Abstulerat
528 991 676 1065 Stypiopue
694 997 777 1062 eaput
794 991 975 1047 &masenot
993 988 1070 1045 Oree

157 1063 217 1121 112.
237 1063 377 1123 Plutarchi
394 1071 581 1138 purgatorium
599 1074 748 1128 animarum
766 1072 827 1127 leue
845 1072 873 1126 in
891 1077 962 1140 aere,
982 1070 1066 1126 valles
1085 1068 1184 1126 interni
1202 1069 1288 1126 dicto:

449 1148 498 1203 dte
511 1164 604 1219 posue
622 1151 687 1207 treis
703 1151 845 1206 clamanter
861 1149 971 1206 adorna

158 1223 216 1279 113.
233 1223 347 1279 Animae
364 1239 398 1280 ex
416 1240 466 1280 suo
484 1229 642 1298 purgatorio
655 1233 827 1285 revertuntur
838 1228 865 1282 in
877 1226 1001 1298 patriam,
1020 1240 1090 1296 quaa
1101 1228 1182 1282 Luna
1193 1234 1236 1283 est
1246 1225 1401 1286 Plutarcho.

159 1303 214 1358 ill.
235 1303 374 1373 Xylander
391 1320 441 1375 pro
459 1303 525 1368 ἰδιας
542 1307 609 1376 legit
624 1309 711 1382 ribaus.

164 1383 222 1438 115.
241 1383 314 1438 Ecce
332 1389 363 1438 ut
380 1383 430 1437 viri
447 1385 589 1455 ingeniosi,
609 1391 753 1456 postquam
765 1386 928 1444 refutatione
944 1385 1155 1442 immortalitatis
1168 1387 1317 1442 animarum
1329 1399 1402 1454 meg·
1469 1421 1470 1424 =
1593 1355 1663 1390 η

72 1472 112 1512 nos
128 1474 155 1514 se
170 1461 349 1531 philosophos
367 1469 565 1529 monstrarunt,
591 1465 670 1533 quau
694 1466 869 1534 poenitudine
892 1466 967 1521 ducti
985 1471 1013 1519 et
1031 1463 1209 1520 abhorrentes
1232 1467 1267 1520 ab
1286 1462 1402 1519 exstinc-

26 1601 27 1606 .
70 1533 131 1590 tione
145 1553 216 1595 mera
234 1541 390 1610 animarum,
410 1542 485 1596 novis
503 1542 686 1598 molitionibus
705 1547 739 1601 ad
759 1546 871 1602 eandem
889 1543 1056 1615 postliminio
1073 1543 1254 1600 reducendam
1271 1544 1403 1606 nituntur,
1461 1547 1466 1556 '

1568 1579 1585 1614 .‘
1624 1583 1628 1590 ·
1667 1579 1695 1614 „u

70 1612 230 1686 Septuaginta
247 1617 289 1674 rel
307 1621 446 1690 octogiuta
464 1623 540 1676 anuis
558 1627 622 1692 post
639 1625 867 1680 resurrectionem
878 1624 986 1680 Domini
1004 1622 1072 1678 Jesu
1091 1639 1107 1677 a
1125 1623 1248 1690 mortuis,
1266 1640 1327 1679 cum
1340 1638 1400 1678 sau·
1510 1643 1512 1648 ·
1605 1609 1695 1720 Γ..

71 1693 137 1758 guina
150 1695 369 1764 Christianorum,
388 1717 437 1771 spe
455 1701 665 1757 immortalitatis
682 1717 732 1771 pro
745 1703 915 1759 confessione
934 1701 1034 1758 Christi
1050 1701 1204 1757 resuscitati
1222 1701 1400 1770 morientium,

71 1769 155 1828 iniecta
177 1783 269 1832 esseut
291 1781 380 1835 omnia
404 1780 515 1838 flumina
538 1781 610 1838 orbis
632 1782 736 1836 romani
758 1789 786 1839 et
810 1781 932 1838 barbari:
957 1780 1047 1851 placet
1068 1787 1158 1836 umen
1175 1780 1322 1836 Plutarcho
1347 1779 1403 1836 ritu

70 1851 160 1909 animae
175 1863 236 1924 post
254 1865 376 1928 mortem,
395 1861 592 1930 quancunque
610 1875 649 1928 ea,
668 1859 779 1929 placent
790 1866 926 1916 tormenta
941 1861 1093 1930 impiorum,
1111 1860 1272 1916 refocillatio
1286 1861 1400 1930 piorum,
1498 1875 1502 1939 Ἰ
1566 1879 1572 1910 ¹·
1614 1879 1659 1928 ,³

71 1928 165 2004 placent
182 1943 276 1991 coetus
294 1937 527 2010 triumphantium,
545 1939 663 1996 redimiti
681 1939 797 2009 coronis,
815 1939 925 2008 placent
942 1937 1049 2006 gaudia,
1068 1939 1202 2009 etiamque
1218 1939 1323 1995 reditus
1341 1937 1399 1994 aui·

71 2023 160 2066 norum
176 2013 202 2067 iu
221 2030 345 2084 corpora,
364 2025 391 2070 et
410 2019 453 2073 vel
472 2019 567 2075 saltem
585 2018 669 2087 hujus
687 2023 812 2073 terrenae
830 2017 902 2071 vitae
920 2017 1065 2087 reparatio.

158 2093 217 2149 ¹¹⁰·
235 2095 340 2150 mem
359 2097 518 2153 1¹¹¹¹¹⁸¹¹¹¹i⁰
536 2099 681 2168 peretrilw
698 2095 840 2152 Plutarchi
857 2101 885 2150 ct
903 2096 981 2152 sedes
1004 2096 1145 2151 beatorum
1164 2102 1192 2151 at
1209 2094 1328 2152 interum
1347 2101 1398 2155 est.
1489 2093 1495 2110 ”

160 2171 215 2225 117.
234 2171 374 2242 Peregrini
392 2176 483 2246 opinio
502 2176 536 2233 de
553 2175 706 2231 substantia
723 2174 826 2229 Lunae.

159 2249 213 2304 118.
234 2249 354 2307 Rursum
372 2254 417 2310 hic
435 2271 515 2312 aurea
533 2253 673 2311 Plutarchi
691 2253 847 2322 prominent
863 2267 897 2308 ex
915 2253 987 2324 pelle
1005 2253 1150 2324 peregrini.

158 2329 215 2384 119.
233 2331 277 2384 An
299 2331 370 2389 torte
388 2335 528 2392 polidam?
561 2335 594 2390 Id
612 2334 721 2404 quidem
739 2339 854 2401 certum,
878 2332 1019 2387 Platonem
1038 2332 1239 2401 quaternarium
1257 2347 1397 2388 numerum
1491 2343 1507 2354 ‘¹
1538 2345 1540 2352 “
1564 2333 1573 2410 s
1600 2289 1695 2436 ij

70 2400 244 2464 ehmentorum
263 2414 453 2480 geometricam
471 2414 506 2470 ad
523 2411 611 2468 ideam
630 2411 811 2472 constituisse,
827 2410 905 2466 initio
922 2410 995 2465 iacto
1014 2411 1047 2466 ab
1061 2411 1187 2468 extremis
1199 2413 1260 2480 igne
1273 2417 1300 2466 et
1311 2419 1399 2482 terra;

70 2495 128 2548 quae
144 2501 200 2541 cnm
218 2489 273 2544 sint
290 2507 404 2562 corpora
421 2492 519 2560 solida,
544 2488 707 2545 soliditatem
733 2488 779 2544 ille
797 2490 986 2559 geometricam
1005 2489 1211 2545 accommodans
1233 2489 1313 2560 dixit,
1331 2490 1402 2546 sicut

70 2557 245 2630 hgeometriu
267 2571 415 2639 propositis
440 2570 546 2628 duobus
569 2569 646 2625 cubis
666 2567 867 2636 inaequalibus,
892 2569 963 2624 sicut
984 2583 1013 2624 se
1035 2569 1119 2624 habet
1141 2569 1213 2624 latua
1236 2568 1346 2624 minoris
1365 2567 1400 2624 ad

69 2637 128 2694 laus
144 2643 258 2717 majoris,
287 2646 370 2718 dupla
393 2649 430 2704 sit
451 2648 591 2720 proportio
614 2645 767 2716 superficiei
789 2645 901 2701 minoris
918 2647 953 2702 ad
978 2647 1147 2716 superficiem
1170 2647 1295 2717 majoris,
1318 2645 1401 2717 triple
1503 2657 1507 2664 ⁸
1589 2633 1656 2750 ’ἐ

70 2721 173 2788 corporis
190 2725 300 2782 minoris
319 2728 353 2782 ad
373 2745 471 2802 corpus
489 2728 608 2796 maioris,
627 2741 722 2796 eoque,
740 2725 883 2795 applicatis
896 2725 957 2781 aliis
971 2725 1075 2781 duabus
1094 2724 1172 2782 lineis
1190 2726 1224 2782 ud
1242 2727 1329 2782 latera
1346 2726 1400 2781 duo

69 2795 223 2857 incontinua
246 2804 363 2862 laterum
381 2807 572 2878 proportione,
596 2806 649 2862 duo
668 2813 804 2872 extrema,
832 2807 920 2862 minus
938 2804 1011 2861 latus
1028 2812 1057 2862 et
1073 2807 1191 2862 maxima
1209 2805 1341 2862 linearum
1358 2821 1400 2861 re·

69 2886 227 2942 praesentent
246 2883 300 2940 duo
320 2902 443 2956 corpora
460 2886 578 2956 receptis
596 2885 624 2940 iu
643 2886 686 2940 sui
704 2886 793 2940 medio
805 2885 912 2940 duabus
925 2884 1020 2940 mediis
1038 2883 1295 2954 proportionalibus,
1315 2882 1400 2940 latere

69 2953 163 3022 adoris
181 2967 207 3015 et
224 2961 391 3033 reliquorum
407 2966 525 3021 minore:
544 2965 583 3020 sic
602 2966 683 3019 etiam
701 2965 790 3034 ignem
808 2969 837 3018 et
853 2969 954 3018 terram
972 2963 1000 3018 iu
1018 2963 1060 3018 sui
1078 2962 1195 3017 medium
1212 2962 1333 3033 recipere
1345 2961 1399 3018 duo

70 3045 169 3102 corpora
185 3039 272 3096 medis
289 3043 515 3114 proportionalia,
542 3049 572 3098 ut
595 3043 631 3099 sit
649 3042 766 3111 denique
784 3049 814 3096 ut
831 3047 904 3096 terra
922 3041 956 3095 ad
974 3054 1081 3111 aquam,
1100 3041 1140 3095 sic
1158 3055 1229 3110 aqua
1246 3041 1281 3096 ad
1299 3046 1399 3109 aerem,

70 3115 109 3165 adr
123 3128 181 3169 sero
199 3119 233 3174 ad
251 3120 349 3189 ignem.

159 3194 217 3253 120.
236 3197 361 3255 Ridicule
372 3199 556 3257 hallucinatur
566 3197 736 3256 Plutarchus.
762 3197 831 3254 liam
851 3197 874 3252 si
886 3196 1008 3266 pluribus
1022 3197 1197 3266 dimetiretur,
1216 3197 1400 3254 adhucmulto
1512 3193 1515 3204 “
1590 3181 1605 3208 ”

70 3267 143 3323 minor
165 3287 224 3330 esse
247 3287 416 3347 argueretur.
451 3281 509 3337 Nec
532 3280 603 3335 enim
621 3279 645 3332 ei
663 3276 803 3347 parvitatis
827 3276 945 3346 speciem
968 3277 1056 3332 induit
1077 3278 1202 3333 celeritas
1224 3285 1328 3345 motus,
1350 3279 1399 3334 sed

25 3417 29 3424 ⁸
69 3341 127 3401 bene
144 3348 268 3408 horarum
285 3359 450 3426 paucitatem
467 3358 535 3415 haec
553 3363 693 3425 causatur,
720 3355 818 3424 quibus
835 3355 864 3409 in
882 3355 977 3411 umbra
993 3363 1116 3412 vomatur
1139 3357 1221 3412 sidus.
1257 3356 1316 3412 Hoc
1333 3365 1400 3427 puto

70 3432 118 3481 arat
132 3429 158 3483 iu
174 3431 262 3488 auimo
280 3435 436 3495 Plutarcho.

159 3509 214 3564 121.
233 3511 375 3572 Neminem
393 3515 474 3572 hodia
493 3527 637 3584 superesse
663 3518 729 3581 puto
751 3511 780 3566 in
798 3510 864 3567 orbe
882 3509 1040 3576 Terrarum,
1065 3513 1112 3584 qui
1136 3513 1400 3585 hac-superstitione

68 3580 97 3636 sit
111 3583 229 3644 intectus.
259 3590 377 3650 Itanon
403 3609 511 3664 semper
535 3607 686 3650 consensus
708 3590 885 3661 plurimorum
911 3593 1096 3662 respiciendus
1121 3591 1149 3647 iu
1168 3594 1354 3650 examinandis
1373 3603 1401 3652 et

68 3663 213 3734 recipiendis
231 3670 413 3742 opinionibus,
432 3673 505 3743 quod
523 3672 568 3727 hic
586 3671 651 3727 iecit
668 3670 841 3746 Plutarchus,
861 3691 958 3730 novam
975 3674 1140 3742 theologiam
1158 3681 1309 3732 exstruens.

160 3746 217 3802 122.
234 3749 346 3806 Animos
370 3751 491 3808 nondum
516 3749 627 3809 sedibus
650 3749 749 3820 qnietis
771 3752 799 3808 iu
818 3753 897 3808 Luna
916 3753 1032 3823 potitus,
1060 3753 1108 3809 sed
1126 3752 1217 3810 adhuc
1235 3753 1401 3809 circumvoli-

24 3891 25 3894 ,
66 3825 143 3951 limes
159 3824 317 3896 Lunamque
335 3830 414 3899 quasi
431 3830 496 3886 litus
515 3837 564 3887 aut
578 3837 691 3900 portum
703 3833 893 3901 capturientes,
912 3833 975 3889 dum
992 3833 1040 3888 illa
1057 3833 1165 3890 interim
1184 3833 1310 3889 tenebras
1328 3833 1402 3890 subit

83 3903 246 3974 onosdtque.

155 3983 211 4038 123.
231 3983 357 4052 Caspium
375 3985 538 4042 Plutarchus
556 3985 638 4042 habet
656 4003 706 4056 pro
725 3987 786 4044 sinu
805 3990 901 4045 oceani
917 3991 1068 4048 exterioris.

159 4063 216 4120 121.
233 4061 294 4117 Has
311 4063 450 4121 Plutarchi
469 4066 640 4135 conjecturas
658 4065 799 4122 confirmat
817 4065 943 4136 dioptrou
961 4071 1095 4140 belgicum
1114 4069 1269 4131 clarissime.

160 4141 217 4196 125.
235 4139 339 4196 Eadem
365 4144 445 4200 Luna
470 4145 618 4202 Plutarcho
649 4152 678 4200 et
703 4145 782 4202 sedes
813 4145 898 4202 beatis
926 4148 1022 4205 tribuit
1048 4157 1076 4204 et
1101 4165 1236 4208 carcerem
1264 4152 1398 4209 damnatis

67 4219 216 4289 umumdis.

155 4299 215 4355 126.
231 4298 287 4353 Pro
305 4319 382 4368 μιιρα
401 4300 541 4373 Xylander
558 4303 624 4374 legit
640 4322 739 4373 μακρα.

159 4379 215 4434 127.
232 4377 284 4433 Hic
310 4377 412 4436 fallitur
433 4381 606 4440 Plutarchus.
649 4383 760 4452 Semper
786 4383 858 4438 euim
883 4384 993 4440 eaedem
1020 4386 1142 4444 maculas
1165 4405 1259 4446 sersus
1286 4389 1397 4444 Terram

69 4461 183 4525 mount.
218 4456 293 4525 Lege
310 4456 402 4525 igitur:
428 4461 513 4518 Nunc
528 4477 621 4519 cerae
643 4463 746 4518 coetum
765 4464 907 4532 estimem
927 4481 1000 4520 auec
1016 4481 1110 4524 serm
1127 4467 1233 4537 debu,
1255 4475 1284 4524 et
1302 4482 1396 4522 secuu-

69 4533 121 4588 dum
136 4536 202 4590 hanc
219 4536 411 4594 correctionem
429 4543 533 4612 corrige
551 4539 679 4608 fabulam,
697 4541 719 4596 si
736 4549 825 4609 potes.
1382 4535 1387 4560 ¹
1474 4611 1476 4618 Α

159 4615 214 4671 128.
232 4615 371 4672 Plutarchi
389 4619 444 4674 rita
459 4621 541 4676 beata
557 4620 660 4677 lunaris
677 4619 807 4689 paulatim
831 4621 962 4679 exolescit
978 4639 1029 4693 per
1045 4623 1150 4681 animae
1164 4632 1281 4682 mortem
1300 4643 1396 4684 secun-

71 4695 122 4751 dan
135 4694 227 4764 leuem,
245 4711 301 4764 qua
318 4713 392 4754 meus
411 4699 532 4755 solitaria
548 4701 580 4759 tit
597 4707 626 4756 et
643 4700 790 4771 perficitur.

158 4774 214 4831 129.
231 4774 367 4847 Imuptats
383 4777 471 4836 Solu:
488 4777 559 4835 forte
577 4795 658 4848 quam
676 4779 705 4834 in
722 4779 802 4834 Luna
819 4787 849 4834 ut
866 4779 893 4836 iu
911 4781 1023 4851 speculo
1040 4783 1187 4839 intuentur.
