3398 5426
597 415 651 478 ur.
667 399 892 482 maonomra'
940 446 943 458 ·
1320 397 1411 497 '229

311 603 546 664 consideratio
568 603 800 678 hypotheseos
822 607 916 666 cuca
937 611 1150 684 aoquamam.

163 723 341 803 Copernlcus
372 735 549 804 aequantem
581 725 793 789 Ptolemaicuur
821 727 921 790 retulit
950 730 979 786 iu
1007 746 1129 805 parrum
1159 728 1319 806 circellum,
1352 748 1410 808 quo

52 811 148 874 modo
172 816 322 893 componit
344 814 480 891 planetae
502 821 614 876 motum
637 835 671 875 ιι
696 818 715 874 i
739 816 868 888 circulis,
897 822 1011 876 utnon
1034 819 1072 875 sit
1094 819 1136 876 ita
1157 818 1295 895 simplex,
1326 827 1359 878 nt
1382 821 1411 876 in

51 901 239 964 Ptolomaeo.
285 901 399 964 Deinde
431 902 514 962 deest
537 907 627 962 motui
656 901 704 963 rel
727 906 913 989 circumactui
937 901 1061 980 aliquid,
1090 911 1203 964 utnon
1226 907 1411 983 sitperlecta

51 990 208 1050 circularis
238 997 270 1050 ut
301 989 379 1068 apud
402 989 615 1050 Ptolemaeum.
660 991 722 1051 Nec
743 991 842 1064 ralert,
874 1009 975 1069 parum
999 991 1111 1053 differre
1133 1010 1152 1052 a
1174 992 1291 1056 circulo.
1333 994 1411 1053 Num

47 1077 118 1156 jam
149 1086 246 1136 actum
275 1085 319 1138 est
348 1076 384 1138 de
414 1077 606 1156 perfectione,
634 1080 659 1138 sl
690 1077 781 1138 latum
813 1097 939 1156 unguem
968 1079 1094 1153 differat,
1124 1083 1207 1140 utin
1233 1083 1412 1158 geometrica

49 1163 298 1244 pulchritudine?
323 1164 407 1226 Addo
431 1164 509 1240 quod
532 1163 657 1226 diflicilia
680 1173 726 1225 ost
749 1176 917 1244 computata
942 1167 1093 1244 Copernici
1117 1167 1230 1232 modus.
1275 1168 1410 1244 Denique

50 1269 116 1312 non
142 1252 221 1314 cadit
243 1256 272 1312 in
296 1252 571 1330 contemplationem
594 1256 808 1330 geometricam.
847 1255 902 1315 His
922 1255 958 1314 da
981 1255 1299 1316 causisPtolemaicam
1323 1258 1411 1330 viam,

9 1356 12 1364 ·
51 1359 148 1418 quam
165 1340 343 1418 (lopernious
365 1335 515 1416 rejecerat,
537 1343 669 1414 resumsi,
692 1359 758 1401 cum
781 1359 871 1402 causa
894 1341 1034 1402 naturalia
1057 1345 1176 1404 inventa
1199 1346 1245 1416 sit,
1270 1344 1307 1403 ob
1323 1361 1412 1420 quara

50 1428 181 1507 planeta
202 1446 290 1505 super
312 1445 368 1488 suo
391 1436 490 1488 centro
514 1429 707 1504 inaequaliter
729 1428 855 1490 incedat.
894 1430 969 1491 Nam
991 1433 1113 1507 primum
1137 1431 1209 1490 nulli
1225 1439 1293 1489 sunt
1309 1433 1410 1507 orbes;

52 1533 118 1578 nou
144 1517 232 1576 dabat
254 1517 344 1591 igitur
365 1517 474 1576 turbari
499 1515 694 1594 Copernicus,
718 1518 797 1592 quod
819 1517 939 1594 lingitur
960 1517 1037 1578 idem
1061 1519 1139 1578 orbis
1162 1518 1306 1578 interdurn
1329 1519 1412 1580 tarde
1527 1518 1530 1533 '

51 1604 208 1676 incedens,
230 1603 374 1664 interdum
398 1602 547 1666 velociter.
587 1602 701 1665 Deinde
723 1603 872 1681 planetam
894 1622 946 1683 pro
969 1623 1088 1666 accessu
1111 1605 1158 1665 vel
1176 1623 1290 1666 recessu
1308 1625 1326 1666 a
1341 1606 1411 1667 Sole

50 1691 142 1756 tarda
166 1691 212 1752 rel
235 1690 375 1752 volociter
395 1691 547 1770 incedere,
569 1692 597 1750 id
620 1692 773 1770 physicum
796 1703 850 1754 est.
896 1693 1076 1754 Confirmant
1097 1693 1126 1752 ld
1150 1693 1289 1770 planetae
1311 1712 1411 1754 secum

52 1780 120 1840 bini
148 1781 317 1856 comparati.
363 1778 455 1857 Cujus
479 1780 554 1839 enirn
578 1787 623 1840 ιιι
644 1779 759 1856 longior
779 1779 895 1854 radius,
925 1780 1040 1856 longior
1063 1783 1151 1841 etiarn
1175 1789 1218 1840 est
1241 1782 1269 1838 in
1293 1782 1412 1858 aequali

52 1870 156 1945 spatio
180 1884 269 1928 mora.
314 1864 405 1926 Porro
428 1866 590 1927 differentia
613 1867 685 1928 haec
708 1874 763 1939 est,
789 1867 868 1945 quod
892 1871 921 1928 in
945 1871 1021 1930 binis
1043 1877 1073 1928 ot
1096 1870 1172 1929 binis
1196 1885 1254 1927 non
1278 1876 1324 1928 est
1347 1887 1412 1930 om·

51 1959 129 2016 uino
159 1953 385 2032 proportionalia
413 1956 536 2016 tarditas
566 1955 689 2015 ambitui
712 1953 835 2033 (alloqui
859 1959 885 2016 sl
907 1963 941 2016 nt
965 1963 980 2016 1
1006 1954 1085 2017 adli
1117 1955 1216 2016 radius
1240 1955 1343 2016 Martis
1373 1955 1411 2016 ad

49 2043 197 2114 Jovinm,
227 2043 270 2102 ric
297 2045 385 2102 etiam
416 2050 494 2102 esset
521 2052 635 2122 ternpus
658 2041 762 2102 Martis
784 2043 821 2103 ad
845 2051 958 2122 tempus
980 2043 1068 2104 Jovis
1097 2045 1127 2102 ln
1155 2043 1271 2117 aequali
1303 2047 1411 2121 spatio,

49 2131 115 2194 alia
139 2129 220 2210 flerat
242 2129 388 2207 periodica
411 2127 583 2208 revolutio),
610 2128 662 2190 sed
685 2137 730 2190 ast
757 2130 879 2192 consilio
912 2130 1132 2192 accommodata
1160 2129 1198 2190 ad
1227 2131 1411 2192 harmonicae

48 2221 200 2290 rationes,
230 2218 260 2276 in
290 2233 348 2276 uno
376 2234 445 2276 vero
469 2225 498 2278 et
520 2215 622 2278 eodem
644 2217 767 2278 tarditas
791 2218 838 2279 vel
861 2236 943 2278 mora
970 2221 1088 2278 omnino
1115 2219 1341 2295 proportionalia
1365 2225 1411 2279 est

49 2306 223 2366 distantiae.
258 2305 335 2366 Nam
351 2322 427 2380 quae
442 2304 516 2365 allas
532 2313 609 2366 esset
623 2306 698 2367 ratio
713 2306 993 2368 accommodationis
1016 2308 1239 2368 eccontricitatis
1255 2309 1410 2384 aequantia

50 2394 92 2457 ad
116 2394 362 2455 eccontricitatam
385 2393 559 2454 eccontrioii

162 2481 297 2541 Ceterum
321 2487 366 2541 ast
387 2479 617 2557 interjiciendum
641 2495 773 2552 eramen,
797 2499 834 2540 an
858 2480 893 2544 Α.
912 2487 962 2544 96.
985 2482 1014 2538 in
1038 2479 1179 2558 Mystcrio
1196 2489 1263 2546 (Vol.
1275 2489 1293 2540 ῐ.
1304 2489 1408 2553 prro.)

49 2576 134 2630 recte
157 2568 259 2629 luerim
275 2577 422 2646 operatus.
460 2567 584 2628 Videtur
605 2576 714 2641 autem,
736 2567 815 2640 quod
838 2586 907 2628 non.
944 2569 1019 2628 Nam
1043 2567 1161 2646 duplam
1184 2567 1244 2626 dixi
1267 2570 1410 2628 rationem

49 2657 158 2717 haberi
183 2654 384 2716 distantiarum
407 2658 435 2714 in
451 2656 593 2730 motibus;
617 2654 645 2714 id
669 2673 727 2713 uon
744 2663 788 2716 ast
805 2674 903 2716 verum
921 2658 990 2730 (atsi
1012 2657 1188 2716 concedatur
1210 2655 1409 2734 hypothesis),

50 2747 110 2805 uisi
137 2745 188 2804 nbi
219 2743 375 2804 distantiae
403 2745 521 2804 suntin
545 2745 730 2820 proportione
753 2742 856 2822 dupla,
886 2744 939 2804 sed
963 2752 1024 2804 erat
1048 2746 1196 2821 proportio
1221 2742 1407 2818 duplicanda,

50 2831 111 2893 lroc
135 2841 181 2892 est
203 2833 232 2890 in
254 2849 318 2893 aeae
342 2831 487 2906 ducenda,
522 2830 569 2890 vel
598 2833 777 2907 compositae
809 2841 940 2892 motuum
972 2832 1184 2908 periodlcorurn
1213 2833 1411 2907 proportionis

50 2919 140 2981 radix
164 2920 306 2996 capienda
328 2936 379 2996 pro
403 2913 598 2997 proportione
613 2917 813 2980 distantiarum
838 2920 884 2980 vcl
907 2918 1077 2980 tarditatunr
1105 2920 1247 2995 simplici,
1278 2917 1411 2978 adhibita

53 3011 195 3070 mucione
219 3005 254 3066 da
277 3005 491 3082 longitudinum
516 3005 674 3066 mediarum
700 3016 780 3066 motu
804 3025 860 3066 uon
884 3007 1022 3068 mediocri
1045 3009 1187 3084 praecise.

160 3089 239 3174 Uti,
255 3101 285 3154 ot
304 3091 339 3176 ‘ll
356 3094 511 3171 periodicia
526 3095 653 3154 motibus
669 3093 742 3153 hacc
758 3095 862 3155 accidit
878 3096 1044 3172 proportio:
1065 3101 1179 3156 10759.
1195 3099 1243 3166 12,
1261 3098 1355 3156 4882.
1369 3099 1407 3152 37

51 3197 115 3266 (on.
135 3199 157 3250 1.
184 3195 268 3262 area
292 3183 586 3264 ιίιῑιιιιειοιιι
604 3180 747 3264 dimisi
756 3216 791 3242 =
803 3194 899 3260 socae
918 3195 1056 3262 (eosne)
1069 3215 1103 3242 =
1117 3194 1237 3259 ocarsa

226 3281 270 3336 Sic
286 3281 361 3338 Mars
379 3279 462 3338 habet
480 3281 540 3338 686.
551 3281 598 3350 ae;
617 3269 742 3351 atim
757 3304 791 3330 =
803 3279 899 3348 mitid
912 3281 924 3351 (
935 3301 941 3336 :
951 3279 1060 3348 itate)
1073 3303 1105 3328 =
1119 3281 1232 3345 0,39823

224 3373 253 3424 et
269 3367 354 3424 Terra
370 3355 456 3424 debet
474 3367 534 3423 365.
550 3368 599 3436 153
619 3357 742 3438 alitilia
754 3389 789 3414 =
805 3366 1227 3436 148.04(:203‚04)=0,72911

266 3455 360 3512 venta
377 3455 460 3512 usuc
477 3455 538 3511 aar.
551 3456 600 3525 ιι;
618 3443 742 3527 affirm
754 3477 789 3502 =
801 3455 893 3523 ιιιιι
910 3453 1231 3523 (:1ce,ol)=o,raraa

207 3542 359 3600 moranus
376 3542 460 3598 usuc
494 3542 536 3598 ar.
550 3543 599 3608 ιι
618 3530 789 3614 uisae:
819 3543 897 3610 racc
911 3541 1235 3610 (:1rc,rr)=o,625ro.

160 3625 231 3702 Ιιιῇ
251 3622 298 3710 ll,
317 3621 353 3708 ‘tl
371 3626 465 3686 Marta
480 3625 513 3686 it
527 3626 621 3702 maior
631 3627 721 3702 justo,
739 3643 826 3702 quam
843 3641 965 3701 corpora
981 3625 1138 3700 patiuntur,
1157 3624 1185 3680 ln
1200 3623 1294 3683 Marte
1309 3622 1408 3696 Terra,

51 3717 149 3778 Tarra
165 3711 202 3794 Ω.
217 3711 243 3796 Ω
260 3710 286 3796 0
302 3716 458 3791 cousplrat.
501 3713 599 3775 Purra
619 3731 743 3790 namque
759 3720 804 3773 ost
818 3712 978 3772 differentia
1000 3713 1075 3771 inter
1096 3710 1224 3770 medium
1247 3710 1412 3770 arithmeti-

51 3823 132 3872 cum,
152 3803 231 3880 quod
246 3819 323 3862 anno
334 3807 384 3865 95.
402 3817 618 3877 usurpaverant,
634 3808 664 3862 ot
680 3803 900 3879 geometricum,
919 3798 996 3876 quod
1010 3799 1088 3874 jorn,
1111 3807 1179 3858 sunt
1193 3805 1291 3858 autern
1308 3815 1408 3858 ornnes

51 3892 200 3968 majores,
222 3907 298 3966 quaa
319 3891 349 3948 iu
373 3889 533 3966 Coperuico
556 3888 679 3950 mediae.
716 3889 748 3948 Sl
769 3887 876 3950 radicis
897 3887 1025 3948 radicem
1053 3903 1207 3962 quaeram:
1233 3885 1366 3969 placila
1375 3919 1411 3946 =

52 3992 142 4064 2835
156 3978 327 4058 γῖοιέιῑε
345 3989 423 4058 225ι,
447 3983 516 4036 tuuc
538 3975 635 4038 adhuc
657 3979 776 4054 propius
799 3977 917 4036 coibunt
939 3975 1062 4034 termini.

162 4065 219 4126 His
243 4064 278 4127 da
302 4065 397 4126 musis
419 4063 604 4140 postmodum
635 4066 663 4122 in
686 4064 763 4124 hano
789 4065 831 4122 ivi
860 4063 1047 4137 sententiam,
1079 4059 1230 4121 tarditates
1262 4076 1320 4120 non
1345 4077 1410 4120 esse

53 4153 292 4234 proportionales
314 4153 459 4224 motibus,
481 4150 532 4212 sed
556 4151 704 4212 desumtas
726 4169 761 4211 ax
783 4151 944 4212 harmoniis
966 4151 1094 4208 musicis.
1141 4149 1180 4208 Aa
1202 4153 1226 4207 ai
1250 4148 1320 4219 hoo,
1350 4165 1409 4207 non

54 4248 134 4304 inter
156 4243 243 4301 binos
265 4249 295 4302 at
316 4242 402 4300 binos
423 4237 558 4317 planetas
581 4247 806 4300 consentaneum
830 4245 883 4310 ιιι,
907 4235 1074 4312 nequidem
1097 4237 1172 4295 inter
1187 4234 1319 4313 ejusdem
1335 4251 1411 4310 apo·

54 4348 165 4408 gaeum
189 4338 220 4390 et
241 4330 410 4405 parlgaoum
433 4335 543 4388 motum
566 4329 715 4386 interesse.
750 4323 794 4384 Ex
817 4325 874 4386 hoc
895 4325 1083 4409 fundamento
1107 4341 1189 4384 orsus
1211 4327 1253 4383 ita
1276 4323 1410 4398 quaesivi

55 4421 86 4477 io
110 4417 207 4478 Marte
238 4418 452 4493 proportionem
483 4416 706 4475 eccontricitatis
735 4416 901 4488 utriusque,
932 4418 965 4471 ut
994 4429 1070 4489 quae
1098 4419 1322 4488 quantacunque
1345 4427 1410 4469 esso

55 4509 162 4584 possit.
207 4502 410 4580 Acrouychiae
433 4503 652 4562 observationes
674 4501 777 4562 Martie
806 4501 953 4560 iaciebant
982 4501 1225 4559 eccontricitatam
1255 4497 1409 4557 eccontricl

56 4595 201 4670 majorem
223 4591 345 4652 dimidie
370 4593 541 4667 aequantia,
570 4588 649 4665 quod
679 4590 766 4649 etiam
789 4587 891 4666 Tycha
920 4596 949 4648 ιι
973 4587 1149 4663 Copernicus
1180 4583 1323 4645 dicebant.
1369 4583 1410 4642 Αι

57 4680 227 4760 parallaxes
251 4681 381 4756 proximo
405 4676 553 4738 dlmldlam
575 4677 735 4748 iaciebant,
766 4683 798 4735 ut
821 4675 983 4735 disccrnero
1004 4691 1061 4734 uon
1086 4689 1196 4748 posses.
1240 4670 1318 4731 Hinc
1340 4671 1412 4731 milri

57 4777 128 4828 nata
150 4773 197 4827 est
218 4784 299 4826 nora
321 4766 493 4844 speculatio,
515 4767 758 4826 eccontricitatam
781 4765 934 4840 aequantia
957 4781 1015 4822 non
1038 4777 1152 4820 manare
1175 4775 1226 4836 per
1242 4767 1334 4818 totum
1351 4762 1409 4820 cir·

59 4859 169 4926 auitum
193 4853 333 4932 eandem,
362 4871 429 4918 eam
452 4871 570 4926 ιιιιιιιι
593 4870 675 4930 esso,
703 4869 753 4917 our
775 4852 869 4932 major
891 4851 1042 4914 eecanuici
1073 4846 1199 4924 altitudo
1227 4847 1351 4932 prodeat
1373 4865 1410 4934 ιι
