3398 5426
252 353 317 425 248
610 356 782 414 collectanea
800 369 834 410 ex
853 351 990 412 codicibus
1008 346 1243 412 Pullrorieusibur.

247 554 312 597 nem
338 537 509 598 varietatem
539 543 635 596 motus
668 538 787 597 venerii.
834 535 948 596 Deinde
977 543 1105 596 centrum
1134 535 1247 597 rotulae
1268 531 1384 614 applica
1413 541 1512 594 eentm
1533 533 1606 594 nni·

247 624 365 698 veracli,
388 624 510 700 gradum
528 625 775 686 circumferentiae
792 622 826 684 2ο
844 624 917 710 30¹¹
939 621 1034 684 lineae
1053 641 1166 702 apogae
1169 625 1177 681 i
1194 621 1314 684 Veneris
1330 624 1381 694 sie,
1398 631 1431 680 ut
1445 640 1508 682 sex
1525 631 1553 684 1.
1571 621 1608 684 4⁰

247 713 336 790 paulo
360 716 456 772 rninus
480 711 604 788 quadret
630 712 667 770 ad
691 713 869 789 superiorem
889 665 1013 788 1partem
1037 713 1136 788 nigrae
1164 709 1295 772 lineae
1288 727 1315 766 ιιι
1344 709 1606 770 muniamur

248 801 397 877 applicata
419 799 515 858 rotula
538 799 671 859 adscribe
695 799 854 859 divisiones
878 807 907 857 et
928 815 1065 858 numeros
1090 799 1151 858 orbi
1168 797 1298 870 Veneris,
1322 805 1463 872 quantum
1488 797 1537 857 ille
1554 815 1608 876 per
1657 858 1660 867 ,

247 890 413 964 angustiam
439 904 542 963 capere
567 896 673 963 potest.
718 887 755 945 Et
778 886 848 963 quia
869 885 918 945 hie
942 892 960 945 2
985 886 1077 946 bobes
1101 885 1223 945 circulos
1246 901 1298 961 pro
1323 879 1364 963 Ω,
1396 884 1462 944 ideo
1486 885 1606 946 lineolis

247 975 284 1033 ad
309 983 437 1034 centrum
461 973 674 1036 declinantibus
699 983 853 1051 utrumque
878 974 1016 1034 circulum
1045 981 1198 1048 connecte,
1227 989 1279 1050 pro
1302 987 1337 1031 eo
1367 971 1447 1048 quod
1476 975 1508 1030 in
1538 973 1606 1034 aliis

247 1072 356 1142 puncta
378 1063 483 1124 iecisti.

634 1169 827 1228 Delineatio
851 1167 1016 1239 sphaerae
1037 1167 1212 1228 Mercurii.

353 1269 467 1350 circino
491 1271 520 1328 iu
542 1269 621 1332 linea
647 1276 705 1330 100
729 1273 856 1346 partium
879 1269 1089 1347 comprehende
1112 1279 1209 1347 partes
1226 1269 1277 1352 di,
1300 1272 1369 1330 item
1385 1269 1435 1354 2ξ,
1461 1278 1491 1329 et
1507 1273 1606 1349 posito

249 1374 308 1418 uno
331 1356 404 1435 pede
428 1360 458 1414 in
481 1366 579 1418 centro
604 1357 777 1430 universali,
809 1375 873 1418 cum
897 1357 990 1418 altero
1013 1356 1143 1418 describe
1168 1365 1186 1418 2
1209 1357 1355 1432 circellos,
1378 1361 1429 1433 qui
1453 1357 1605 1418 inciudant

249 1462 364 1504 omnem
389 1446 559 1504 varietatem
581 1456 677 1504 motus
705 1446 892 1504 mercurialis.
938 1444 1051 1506 Deinde
1074 1455 1204 1505 centrum
1227 1445 1340 1506 rotulae
1362 1444 1482 1524 applica
1501 1457 1606 1510 centro

248 1531 421 1602 universali,
454 1539 592 1609 punctum
623 1550 691 1592 vcro
721 1531 759 1594 ad
791 1537 809 1592 b
837 1551 897 1592 sex.
923 1531 957 1592 0⁰
984 1531 1072 1608 paulo
1102 1536 1197 1592 minus
1226 1533 1342 1611 applica
1368 1549 1478 1592 coccae
1509 1534 1606 1594 lineae

249 1621 375 1698 apogaei
402 1619 594 1690 mercurialis,
627 1623 670 1678 eie
700 1629 732 1678 nt
754 1637 852 1698 sesag.
877 1625 906 1682 0.
931 1617 1010 1701 ,2115υ
1039 1619 1200 1698 applicetur
1226 1621 1367 1698 superiori
1397 1622 1474 1697 parti
1504 1624 1606 1698 nigrae

249 1707 345 1769 lineae
369 1709 397 1766 ln
422 1707 530 1768 tabula.
575 1707 618 1765 Ex
643 1707 739 1766 rotula
760 1709 803 1767 sic
825 1706 974 1784 applicata
995 1723 1131 1768 numeros
1154 1715 1183 1766 et
1205 1717 1314 1783 puncta
1335 1709 1459 1766 transfer
1483 1709 1522 1768 ad
1548 1711 1606 1768 eir·

250 1795 348 1855 culum
370 1794 586 1870 mercurialem,
611 1797 652 1853 ita
675 1806 785 1869 tamen,
818 1803 851 1852 ut
872 1811 923 1872 pro
946 1797 1060 1872 punctis
1084 1793 1176 1854 lineas
1200 1793 1306 1868 ducas,
1330 1804 1487 1874 utrumque
1510 1799 1607 1856 eircu-

192 1915 195 1926 ·
249 1881 311 1942 lum
334 1891 549 1943 connectentes.

180 1974 185 1984 '
354 1969 425 2030 Pro
449 1969 717 2030 delineatione
740 1968 847 2028 orbis
869 1967 1017 2029 lunaris
1040 1965 1198 2030 sumendae
1222 1977 1321 2028 esseut
1345 1966 1361 2007 ⁴
1387 1967 1423 2028 de
1446 1977 1607 2047 unaparta

252 2059 281 2115 in
305 2055 384 2116 linea
409 2063 468 2116 100
493 2059 633 2133 partium,
663 2067 692 2116 ct
721 2059 818 2134 posito
841 2072 899 2115 urro
922 2055 996 2133 pede
1026 2057 1155 2116 circini
1148 2074 1176 2114 ιιι
1201 2073 1290 2116 unurn
1313 2010 1434 2133 aliquod
1463 2067 1609 2132 punctum

253 2161 305 2222 per
328 2145 589 2205 circumferentiam
613 2145 691 2204 orbis
714 2145 828 2217 terreni,
853 2160 918 2202 cnm
941 2141 1033 2202 altero
1052 2143 1126 2220 pede
1141 2142 1349 2204 describendos
1372 2145 1609 2218 iorcteircellus,

250 2231 326 2292 ultra
349 2249 436 2308 quem
460 2231 544 2292 Luna
566 2248 717 2308 nunquam
740 2229 880 2292 ascendit.
912 2229 1026 2291 Deinde
1048 2230 1137 2307 hujus
1160 2231 1267 2290 circelli
1291 2233 1477 2310 sexagesima
1499 2242 1611 2292 actara

252 2319 368 2382 dornone
391 2335 458 2395 pars
482 2327 623 2395 aequaret
645 2318 818 2378 diametrum
841 2320 970 2393 corporis
994 2319 1111 2392 terreni,
1134 2316 1213 2394 quod
1235 2317 1361 2394 fingetur
1383 2321 1411 2378 in
1427 2319 1525 2378 medio
1551 2323 1611 2380 cir-

251 2406 317 2467 celli
346 2404 464 2467 lunaris.
510 2405 607 2466 Tanto
636 2406 770 2466 nimirum
801 2403 956 2466 intervallo
986 2414 1105 2484 superat
1138 2405 1213 2466 coeli
1243 2406 1382 2466 machina
1411 2409 1611 2482 cogitationes

249 2501 372 2556 nostrus.

353 2579 463 2641 Verum
480 2583 636 2653 enimvero,
660 2584 729 2656 quia
745 2581 864 2640 nimium
881 2580 986 2654 exigua
1001 2579 1075 2639 boec
1089 2578 1254 2656 sphaerula,
1278 2598 1332 2641 nee
1346 2591 1418 2656 apta
1435 2588 1466 2639 ut
1481 2582 1610 2660 numeri,

249 2666 355 2728 nedum
370 2666 559 2745 particulares
576 2668 659 2728 orbes
676 2669 704 2725 in
721 2685 785 2728 eam
802 2669 976 2740 inserantur,
992 2665 1059 2726 ideo
1075 2669 1104 2724 in
1120 2667 1175 2726 hac
1191 2667 1304 2726 theoria
1326 2668 1423 2727 rotula
1438 2670 1522 2728 nobis
1540 2668 1610 2728 loco

247 2754 390 2832 sphaerae
416 2755 525 2814 lunaris
552 2753 808 2835 adhibenduxeriq
833 2771 908 2830 quae
932 2771 996 2814 sese
1017 2752 1222 2814 interiorem
1243 2765 1273 2814 et
1295 2753 1421 2815 Martem
1442 2758 1610 2830 insinuans,

251 2844 323 2901 sotis
347 2843 475 2919 amplum
500 2845 606 2919 reperit
619 2845 747 2920 spatium
764 2859 816 2918 pro
833 2840 1059 2900 demonstranda
1072 2851 1168 2902 motus
1185 2841 1294 2901 lunaris
1310 2845 1463 2906 varietate
1494 2843 1612 2902 Verum

252 2928 291 2996 ad
313 2929 370 2990 hoc
393 2947 468 3007 opos
492 2939 536 2989 est
558 2929 617 2989 alia
642 2928 769 3006 quadam
793 2945 886 3004 eaque
910 2931 1016 3004 exigua
1038 2929 1143 2990 rotula.
1180 2928 1287 2988 Nam
1279 2947 1308 2988 ιιι
1323 2930 1476 3006 superficie
1492 2930 1613 2990 divisae

249 3017 364 3078 rotulae
388 3017 600 3095 comprehende
625 3017 689 3102 7²⁰
730 3015 845 3076 Deinde
868 3015 905 3076 ad
928 3032 1031 3074 manus
1053 3033 1136 3075 sume
1158 3014 1289 3094 aliquam
1303 3021 1466 3090 materiam,
1490 3036 1526 3076 ex
1546 3035 1611 3093 qna

249 3107 338 3165 etiarn
361 3105 458 3164 rotula
483 3113 610 3172 constat
641 3115 671 3164 et
694 3102 837 3163 cumbae
861 3101 1052 3178 amplitudine
1076 3103 1207 3163 describe
1227 3103 1375 3166 circellum
1400 3121 1525 3180 eumque
1550 3123 1609 3164 cx·

248 3191 349 3252 scinde
372 3204 402 3252 et
424 3207 476 3270 per
499 3201 629 3250 centrurn
651 3191 765 3250 rotulae
789 3190 845 3249 duc
868 3189 1048 3250 diametrum
1095 3189 1230 3266 Amplius
1253 3208 1326 3268 cape
1349 3192 1457 3251 circino
1479 3192 1612 3268 madum

249 3279 319 3364 11·
312 3297 341 3338 ιιι
364 3281 466 3340 eadem
492 3281 724 3339 circnmicrenua
755 3285 783 3338 ct
810 3281 907 3354 posito
940 3294 997 3336 uno
1026 3275 1100 3355 pede
1129 3278 1166 3336 ad
1197 3272 1285 3338 linem
1316 3278 1489 3340 alterutrum
1517 3280 1611 3340 modo

247 3365 353 3427 duciae
377 3367 520 3439 dianretri,
544 3385 610 3424 cunr
633 3365 759 3425 altero
751 3383 779 3423 ru
803 3363 944 3424 diametro
968 3375 1097 3424 centrum
1120 3365 1252 3442 imprime
1277 3375 1429 3442 totamque
1453 3370 1611 3427 materiam

246 3457 276 3512 in
299 3462 407 3530 puncto
431 3471 485 3514 acu
510 3471 669 3530 prrpnnge.
707 3451 903 3512 Nihilominus
926 3468 960 3509 ex
986 3449 1035 3512 illc
1058 3462 1157 3512 ceutrc
1181 3462 1210 3511 ct
1232 3471 1298 3511 eum
1314 3453 1406 3514 illa'
1381 3457 1481 3513 circini
1497 3455 1612 3532 ampli-

247 3540 347 3602 tudine
371 3542 503 3602 describe
528 3541 618 3599 alium
642 3539 787 3600 circellum
811 3544 940 3615 nigrum,
970 3541 1019 3614 qui
1043 3541 1119 3598 sieut
1142 3557 1159 3598 a
1183 3533 1325 3600 diametro
1355 3543 1436 3620 prius
1464 3541 1587 3602 dueta
1578 3561 1611 3601 ιιι

249 3629 307 3688 duo
331 3629 487 3702 dividitur,
518 3631 559 3686 ita
582 3637 613 3686 tu
638 3644 704 3686 curn
728 3626 852 3704 amplius
875 3627 904 3683 in
930 3633 947 3684 4
971 3635 1067 3702 portes
1091 3625 1224 3700 dividua,
1255 3627 1344 3688 dueta
1372 3628 1612 3706 perpendiculari

248 3734 299 3793 per
322 3715 504 3776 diametrum.
544 3715 581 3774 Et
602 3731 743 3775 summac
756 3717 830 3790 parti
855 3711 962 3774 circelli
977 3714 1110 3774 adscribe
1126 3724 1225 3773 notum
1245 3711 1293 3788 Π,
1318 3718 1395 3776 imae
1418 3733 1491 3776 vere
1506 3727 1612 3778 notam

249 3813 285 3868 ο(
316 3803 365 3862 rel
390 3817 439 3869 σο.
486 3801 566 3860 Parti
595 3804 729 3861 sinistrae
753 3803 790 3878 (si
814 3817 934 3860 censeas
962 3801 1109 3861 circellum
1139 3803 1168 3858 in
1197 3805 1341 3878 superiori
1374 3812 1458 3880 parte
1485 3806 1611 3881 majoris

249 3905 369 3983 circelli)
392 3905 486 3964 scribe
508 3913 606 3964 notam
624 3887 720 3996 ffel]
751 3906 868 3966 dextrae
892 3885 989 3994 [Jffo.
1029 3905 1181 3965 Postremo
1197 3907 1287 3965 ctiam
1310 3909 1452 3983 majorem
1476 3909 1605 3968 rotulam

248 4014 278 4070 in
301 4027 356 4070 suo
382 4017 481 4069 centro
504 4025 651 4085 perpunge
674 4022 703 4070 et
726 4029 762 4070 es
785 4011 877 4070 altera
899 4021 981 4087 parta
1004 4025 1039 4068 ex
1062 4009 1116 4069 illo
1139 4018 1237 4068 centro
1260 4027 1312 4086 per
1325 4019 1521 4088 perpetuatum
1538 4029 1610 4072 cen—

248 4109 324 4158 trum
347 4097 468 4156 mincris
492 4095 598 4156 circelli
622 4096 678 4157 due
701 4101 812 4172 nigrum
828 4099 976 4157 circulum.
999 4095 1110 4158 Ultimo
1132 4096 1251 4173 applica
1274 4109 1404 4160 centrum
1428 4099 1537 4160 circelli
1559 4117 1610 4159 ro-

219 4237 222 4246 s
250 4185 329 4245 tulac
346 4193 455 4248 centro.
473 4191 601 4241 centrum
625 4200 694 4243 vero
718 4187 836 4244 minoris
856 4183 962 4245 circelli
977 4193 1168 4260 perpunetrun
1185 4184 1303 4262 applica
1318 4187 1461 4247 benolicio
1485 4188 1609 4264 regulae

250 4273 287 4332 ud
311 4289 413 4348 serug
439 4275 466 4330 3.
493 4267 571 4336 23¹⁰
591 4269 714 4330 rotulae.
747 4271 782 4330 lit
804 4274 878 4331 sicut
900 4274 929 4329 in
953 4271 1079 4349 planetis
1103 4273 1235 4332 adscribe
1258 4272 1368 4360 grados
1391 4282 1421 4335 et
1443 4291 1611 4351 sexagenas

248 4361 318 4420 huic
340 4360 444 4417 ultimo
469 4355 574 4415 ductae
597 4355 692 4416 lineae
716 4357 864 4428 circulari,
896 4361 1007 4436 eritque
1031 4360 1084 4419 tibi
1107 4359 1154 4418 bic
1177 4344 1325 4438 circellos,
1351 4362 1389 4421 ad
1412 4361 1540 4423 rotulam
1563 4363 1610 4440 (ut

251 4446 415 4522 docebaris)
439 4444 613 4521 applicatus,
636 4460 688 4519 pro
710 4445 835 4522 sphoera
855 4445 958 4506 lunari

750 4605 890 4662 zodiaci
911 4606 1103 4664 instructio.

355 4706 398 4764 lix
421 4704 514 4766 altera
536 4706 610 4766 lacie
632 4707 745 4766 rotulae
768 4706 860 4766 babes
877 4714 914 4766 12
931 4719 1047 4783 puncta.
1072 4726 1124 4784 per
1147 4726 1224 4784 quae
1246 4727 1283 4770 ex
1307 4717 1407 4770 centro
1422 4681 1537 4772 rt¹rtnlae
1552 4709 1611 4771 duc

254 4791 391 4851 circulum
418 4800 447 4854 et
469 4794 553 4856 lineis
575 4811 627 4871 per
652 4800 690 4854 12
714 4805 823 4872 puncta
852 4792 945 4856 ductis
975 4795 1057 4856 illum
1092 4794 1247 4876 distingue.
1297 4797 1422 4877 Singula
1454 4805 1492 4859 12
1523 4801 1610 4876 signa
