3478 5424
208 447 209 450 Ἴ
301 374 345 444 84
815 369 978 428 Plutsrchns
995 367 1030 424 de
1046 367 1130 426 recte

293 562 402 618 terrem
424 561 456 616 et
476 567 557 614 mere
579 551 609 610 ln
631 549 736 612 eodem
758 548 825 613 loeo
847 547 1018 613 venantie?
1054 547 1116 610 Nec
1138 564 1204 610 eum
1225 564 1291 610 sess
1316 547 1448 612 ιιιιιιιιι
1470 551 1559 628 inque
1581 570 1641 615 osr-

293 659 360 704 nem
383 641 481 702 venire
504 647 534 699 et
556 639 586 698 in
608 655 715 700 nereos
739 645 769 700 et
791 639 935 702 medullas
962 637 1209 716 passionibusque
1237 636 1357 698 inlicitis
1386 655 1452 700 eum
1474 639 1641 702 bumiditste

296 730 458 810 (objectum
479 726 566 802 lieri).
611 724 690 802 Quid
720 743 792 788 vero
822 727 907 787 nobie
929 724 1047 803 Jupiter
1068 725 1139 798 iste,
1172 726 1196 784 ei
1219 741 1274 784 sue
1297 727 1388 801 ipsius
1410 735 1516 788 neturs
1538 736 1639 803 ιιιιιιιι,
1727 761 1729 782 2

293 833 408 876 sursum
431 823 489 890 est,
519 830 643 891 megene
665 831 707 874 sc.
730 821 761 874 et
783 817 970 874 ιιιιιιιιιιιιιιι
992 814 1067 889 ignis
1082 808 1143 888 ἰιι
1187 812 1227 872 At
1249 825 1327 872 nuuc
1348 820 1379 874 et
1399 813 1519 874 humilis
1541 817 1643 876 incedit

294 911 324 965 ιι
345 905 501 964 reflectitur
523 910 553 962 et
575 901 733 978 figuretur,
762 918 864 962 versus
888 904 916 960 iu
940 917 1042 961 omues
1064 917 1111 960 res
1135 901 1314 976 vertiturque
1332 901 1476 980 qnotidie
1499 905 1529 960 in
1553 911 1642 963 trans·
1728 953 1729 956 ,

293 990 515 1052 mutationibus.
545 988 649 1064 lteque
671 988 740 1051 side
762 991 813 1064 eis,
836 987 959 1061 miselle,
982 1005 1018 1048 ne
1041 989 1067 1048 ei
1091 987 1248 1048 transferas
1270 995 1300 1047 et
1320 987 1451 1049 abduces
1465 1007 1528 1050 rem
1545 1007 1643 1068 quem·

293 1078 366 1139 libet
388 1095 424 1138 eo
447 1093 572 1150 versum,
597 1076 647 1136 ubi
667 1083 792 1136 netnree
815 1092 886 1136 sues
902 1075 968 1152 lege
984 1083 1037 1148 eet,
1061 1073 1283 1136 dissolutionem
1306 1074 1436 1152 aliquem
1459 1078 1560 1137 mundi
1583 1093 1642 1138 cuu
1728 1099 1729 1106 ¹

295 1165 497 1243 speculatione
521 1175 570 1224 tue
593 1163 679 1224 nobie
701 1162 917 1241 philosophens
938 1163 1079 1238 litemque
1101 1161 1327 1240 Empedoclem
1355 1164 1443 1224 rebus
1464 1159 1642 1242 ineebnsW),

296 1256 355 1314 imo
371 1269 408 1313 ne
432 1260 544 1312 veteres
560 1249 627 1310 illos
642 1251 765 1312 Titanes
787 1253 816 1309 in
832 1259 965 1312 neturem
981 1251 1120 1310 immittes
1135 1257 1165 1310 et
1179 1247 1322 1328 Gigantes
1337 1259 1367 1311 et
1381 1251 1548 1313 iebulosem
1569 1253 1644 1312 illem

295 1339 510 1418 horridamque
526 1337 725 1400 confusionem
748 1341 979 1414 erectionemque
1001 1339 1086 1397 nobie
1108 1338 1146 1398 ob
1170 1338 1272 1399 oculos
1286 1354 1394 1415 ponere
1417 1337 1544 1416 lebores,
1567 1356 1645 1402 seor·

298 1429 354 1488 sim
377 1425 657 1504 quiequidomtrino
679 1434 846 1503 cotgrave,
869 1427 1111 1498 seoreirnetiem,
1134 1424 1214 1501 qued
1236 1423 1319 1487 lere:
1408 1503 1412 1516 ι

548 1555 608 1614 Ηιι
629 1553 682 1613 sebi
702 1571 757 1614 nec
781 1555 858 1616 Solis
878 1555 1086 1631 pulcherrime
1106 1554 1204 1634 folpet
1225 1557 1336 1632 imapo,

550 1641 612 1701 Neo
633 1647 733 1702 terrm
754 1661 850 1721 penus
871 1645 1033 1720 hirsutum,
1056 1660 1111 1703 cce
1131 1642 1243 1702 stabilis
1264 1643 1383 1718 beemor,

300 1783 332 1836 ιιι
354 1775 434 1836 eenit
462 1771 670 1852 Empedocles,
700 1775 752 1834 ubi
779 1790 837 1836 nen
859 1775 898 1834 eit
918 1773 1009 1834 Terre
1030 1773 1174 1850 perticeps
1197 1771 1316 1847 celeris,
1344 1789 1399 1834 nee
1420 1790 1500 1850 eque
1521 1777 1644 1854 spiritus,

298 1879 353 1926 nee
373 1865 507 1939 gravium
530 1861 644 1939 aliquid
664 1864 808 1939 superins,
830 1878 885 1923 nec
906 1861 1015 1922 levium
1039 1859 1110 1936 quid
1132 1859 1223 1935 inlre3
1244 1858 1296 1920 sed
1319 1862 1503 1938 impermiste
1525 1871 1556 1924 et
1578 1865 1645 1924 irre·

296 1953 396 2012 vincte
418 1951 528 2010 mutuis
549 1950 657 2010 emeris
673 1950 879 2024 incitamentis,
902 1955 932 2008 et
954 1948 1087 2008 solitarie
1108 1949 1309 2008 universorum
1330 1949 1483 2026 principle,
1499 1967 1578 2025 qnue
1593 1967 1645 2010 non

297 2037 459 2100 concedent
488 2038 703 2098 concretionem
725 2035 908 2097 diversorum
929 2037 1004 2096 inter
1025 2053 1058 2096 ee
1080 2035 1366 2110 commuuionemre,
1396 2035 1447 2096 sed
1471 2053 1550 2113 quse
1570 2038 1647 2099 relu-

296 2129 381 2205 gient
403 2133 433 2186 et
462 2123 652 2186 adversentur
678 2141 710 2186 ee
732 2131 835 2185 mutuo
864 2124 1051 2202 lerenturqee
1078 2121 1195 2200 singule
1221 2123 1349 2182 metibus
1379 2125 1442 2182 suis
1470 2127 1599 2204 propriis
1621 2133 1648 2186 et

296 2212 494 2291 singularibus
513 2213 621 2288 suique
644 2213 729 2289 qussi
748 2212 824 2287 iuris
846 2212 971 2290 prlreti3
994 2211 1131 2284 breviter,
1156 2226 1232 2287 quse
1254 2212 1298 2270 sic
1319 2212 1379 2270 sint
1400 2221 1587 2288 comperete,
1609 2215 1649 2272 si·

297 2309 347 2362 eut
368 2307 414 2361 est
436 2309 635 2376 comperetum
658 2307 751 2360 totum
773 2301 951 2372 universum,
974 2315 1041 2358 eum
1063 2297 1101 2357 eb
1123 2314 1160 2358 eo
1182 2297 1265 2357 Deus
1287 2297 1372 2359 ebeet
1393 2297 1554 2359 seeundum
1579 2299 1647 2360 Plu·

298 2395 405 2460 tonem,
429 2385 459 2445 id
482 2394 537 2459 eet,
560 2392 593 2446 ut
615 2384 712 2447 solent
734 2403 799 2446 esse
821 2403 944 2464 corpere
964 2404 984 2446 e
1006 2390 1102 2445 mente
1125 2391 1154 2446 et
1175 2385 1274 2446 snime
1296 2383 1419 2457 deserte,
1443 2386 1649 2464 quoadusque
1707 2430 1711 2441 .

298 2473 472 2536 desiderium
496 2475 683 2550 superveniet
704 2481 841 2548 neturee,
865 2491 900 2532 ex
922 2470 1125 2550 providentiae
1147 2470 1352 2548 dispositione,
1376 2474 1493 2549 qnando
1520 2477 1649 2534 amicitie

298 2565 328 2622 in
351 2578 387 2634 ee
410 2563 517 2634 existit,
540 2568 570 2622 et
592 2559 693 2620 Venus
716 2566 746 2621 et
768 2560 868 2636 Amor,
891 2568 924 2621 ut
946 2559 1046 2620 dicunt
1061 2559 1262 2635 Empedocles,
1285 2559 1472 2621 Parmenides
1495 2569 1526 2622 ιι
1541 2561 1649 2622 Ηιιιο-

299 2648 369 2722 dne;
399 2655 431 2706 ut
461 2653 491 2708 et
511 2646 579 2708 loce
599 2647 680 2707 loeis.
693 2654 859 2725 permutent
880 2655 911 2708 et
931 2647 1085 2730 incultetes
1108 2646 1146 2707 eb
1169 2645 1293 2708 invicem
1323 2655 1504 2722 mutuentur,
1536 2658 1568 2709 et
1592 2651 1649 2708 ulie

299 2733 417 2814 quidem
438 2741 550 2810 motus,
574 2733 634 2796 elie
655 2737 762 2812 quietis
783 2734 998 2796 necessitudine
1019 2732 1144 2811 religate
1165 2740 1195 2794 et
1217 2743 1319 2794 eoeete
1341 2735 1379 2793 ed
1395 2734 1426 2794 id
1448 2735 1528 2812 qnod
1543 2737 1649 2798 melius

300 2830 345 2888 ιιι
366 2821 521 2901 proficient
541 2829 838 2903 transmutenturque,
862 2829 1039 2884 coercentem
1062 2829 1089 2880 et
1110 2825 1354 2882 commestionem
1371 2823 1544 2899 pertinent.

400 2910 477 2970 Nem
499 2911 524 2970 si
546 2927 642 2987 neque
662 2909 745 2970 eliud
767 2908 887 2987 aliquod
910 2927 945 2970 ex
968 2908 1104 2970 membris
1136 2907 1235 2972 mundi
1262 2917 1378 2986 prester
1407 2919 1544 2971 netursm
1567 2928 1650 2972 susm
1720 2972 1721 2975 ,

298 2997 505 3071 sese-bebuit,
528 2996 581 3058 sed
602 2996 847 3075 unumquodlibet
867 2997 909 3057 ιιι
930 2999 1018 3056 sitem
1041 3003 1101 3070 ιιι,
1123 2996 1174 3056 ubi
1193 2995 1331 3057 collocari
1352 3005 1454 3074 speum
1477 3006 1582 3059 netum
1598 3005 1650 3073 est,

298 3084 382 3146 nulle
404 3083 641 3159 trenelocetione,
665 3084 747 3145 nulle
769 3083 1000 3146 nensomsttons
1021 3083 1161 3160 indigum,
1184 3100 1238 3144 nec
1259 3091 1336 3144 nuuc
1356 3101 1413 3146 nce
1433 3087 1463 3145 ln
1485 3089 1648 3164 principie:

298 3171 457 3246 dubitabo,
488 3171 635 3248 quodnam
657 3171 860 3249 providentioe
882 3171 1065 3248 relinquetur
1087 3188 1176 3248 epus,
1207 3177 1259 3231 eut
1281 3189 1409 3249 quorsom
1430 3173 1571 3250 figmento
1596 3191 1648 3234 suo

300 3261 420 3337 gloriari
441 3261 651 3336 pensiusque
672 3262 736 3336 ipse
758 3259 872 3320 dicetur
893 3259 1011 3320 effector
1033 3265 1062 3318 et
1083 3266 1167 3336 peter
1181 3256 1299 3335 Jupiter
1319 3258 1369 3320 ille
1384 3263 1512 3336 optimus
1533 3262 1649 3322 artilex.

300 3347 377 3407 Nem
399 3363 495 3422 neque
518 3347 548 3404 in
570 3348 699 3408 exercitu
720 3361 795 3423 opus
817 3349 871 3407 erit
899 3346 1090 3408 metatoribus
1112 3353 1142 3406 et
1169 3349 1244 3406 eeiei
1271 3347 1456 3408 instruendos
1478 3349 1602 3425 peritis,
1625 3351 1650 3408 si

298 3433 408 3511 singull
430 3434 554 3493 militum
577 3435 634 3510 ipsi
656 3452 675 3494 e
695 3451 727 3494 ee
750 3435 822 3513 ipsis
842 3435 982 3496 sciverint
1011 3441 1042 3492 et
1067 3432 1197 3494 ordinem
1226 3441 1256 3494 et
1277 3431 1433 3495 eletionem
1455 3442 1485 3495 et
1512 3439 1649 3496 oucsslo·

296 3537 381 3596 nem,
414 3537 490 3598 ques
512 3524 551 3580 sit
572 3521 746 3598 arripienda,
770 3522 876 3599 cuique
896 3525 935 3582 sit
957 3519 1170 3596 insidiandum
1199 3536 1295 3598 neque
1315 3521 1477 3583 hortulanis
1499 3522 1649 3600 indigebi-

298 3625 372 3682 mus,
395 3625 491 3684 neque
512 3608 610 3684 labne,
633 3611 660 3668 el
682 3609 742 3668 illic
764 3608 882 3686 quidem
897 3626 976 3686 eque
989 3609 1055 3684 ipse
1068 3625 1120 3685 per
1133 3625 1200 3669 sese
1213 3615 1318 3669 nature
1333 3608 1417 3670 edeet
1430 3609 1529 3670 berbls
1543 3613 1650 3672 sitien-

298 3697 375 3757 tibus
390 3713 501 3772 eeeque
515 3697 591 3772 riget
605 3695 724 3772 effluxu,
747 3693 796 3756 bie
811 3713 882 3757 vero
896 3694 1011 3770 luteres,
1034 3694 1123 3772 ligne,
1145 3695 1269 3772 lepidos,
1293 3698 1477 3757 nstnrelibue
1491 3699 1650 3758 momentis

298 3791 328 3844 et
349 3783 469 3843 nutibus
489 3785 611 3843 nitentia
634 3781 784 3844 decentem
798 3783 895 3844 locum
911 3798 1167 3858 commentumque
1183 3790 1336 3860 occupent
1360 3783 1412 3846 Sin
1427 3793 1526 3845 eutem
1541 3785 1650 3863 bnjus·

298 3869 378 3930 modi
400 3871 493 3931 cretio
515 3869 728 3947 providentium
744 3886 859 3932 omnem
874 3871 952 3931 tollit
965 3869 1106 3944 funditus,
1130 3869 1187 3930 Dei
1211 3889 1281 3932 vero
1303 3873 1452 3949 proprium
1474 3879 1527 3946 eet,
1550 3881 1651 3950 portos

297 3955 397 4017 mnndi
420 3957 572 4033 disponere
595 3964 625 4018 et
647 3958 840 4035 distinguere,
864 3957 934 4035 quid
957 3956 1032 4018 edeo
1055 3960 1175 4032 mirrrm,
1198 3961 1225 4018 si
1246 3966 1351 4018 uetere
1373 3961 1416 4019 ιιι
1437 3966 1483 4021 ιιι
1503 3959 1651 4038 dispositu

297 4051 327 4106 et
349 4047 537 4121 concinnate,
561 4051 593 4105 nt
615 4046 663 4106 bic
684 4045 802 4122 quidem
824 4049 863 4106 sit
884 4047 975 4122 ignis,
998 4045 1040 4104 ibi
1062 4062 1131 4105 sero
1154 4052 1241 4119 estre,
1265 4063 1378 4106 rursum
1400 4047 1456 4107 bec
1478 4047 1600 4123 quidem
1621 4047 1651 4108 in

300 4135 420 4209 regione
441 4131 532 4192 Terre
553 4133 591 4192 eit
612 4133 771 4206 collocate,
794 4136 824 4192 in
846 4150 953 4211 supere
973 4149 1044 4194 vero
1067 4131 1166 4204 Luna,
1188 4133 1281 4194 multo
1302 4134 1413 4194 fortiori
1436 4137 1558 4195 rstionis
1582 4137 1651 4196 vin-

298 4220 365 4279 culo
387 4219 519 4296 religate,
543 4235 632 4296 quem
653 4227 716 4282 eret
733 4221 861 4282 luterum
875 4229 997 4281 ueturse
1012 4218 1188 4281 vinculum?
1217 4220 1361 4298 Adeoque
1373 4223 1400 4282 si
1414 4225 1511 4282 omniu
1526 4229 1651 4283 ustnre·

298 4305 377 4367 libus
401 4313 516 4382 oportet
537 4308 590 4365 niti
612 4309 735 4385 ferrique
758 4309 921 4382 momentis,
944 4323 1009 4385 ege,
1031 4323 1068 4368 ne
1083 4306 1134 4368 Sol
1157 4307 1275 4386 quidem
1297 4316 1424 4387 pyretnr,
1447 4325 1544 4387 nsque
1558 4309 1652 4372 Lnei·

302 4394 352 4470 ier,
368 4411 472 4471 neque
495 4410 660 4471 quaequam
683 4395 743 4456 elie
764 4394 928 4456 stellumms
957 4412 1025 4466 nem
1048 4412 1125 4473 ques
1147 4394 1226 4458 lerle
1246 4405 1315 4456 srrnt
1337 4403 1367 4456 et
1387 4403 1509 4459 neturse
1532 4400 1650 4475 igneae,
1727 4403 1729 4442 ι

299 4499 413 4541 sursum
436 4499 472 4542 ιι
493 4483 633 4554 nituntur,
656 4499 713 4543 nou
735 4483 767 4540 in
788 4481 936 4542 circulum.
981 4481 1042 4542 Aut
1061 4485 1087 4544 si
1111 4489 1220 4543 tentem
1243 4486 1368 4544 sustinet
1387 4491 1493 4544 nstnre
1514 4499 1652 4546 eommu-
1727 4495 1729 4506 ⁸

298 4572 440 4630 tutionem
461 4586 498 4629 ex
521 4571 706 4630 contentione
729 4568 801 4636 loci,
816 4577 865 4630 ·ut
887 4569 935 4628 ιιι
956 4569 1074 4645 quidem
1096 4572 1122 4630 si
1144 4575 1268 4648 regetur
1295 4573 1401 4648 ignis,¹
1415 4589 1529 4633 sursum
1550 4573 1651 4648 obest,
1726 4569 1729 4620 ’ἶ

297 4663 329 4714 st
344 4657 394 4717 ubi
409 4658 438 4714 in
455 4657 568 4718 coelem
592 4674 684 4734 nsque
707 4659 833 4730 venerit,
852 4657 914 4735 jem
938 4657 1011 4718 coeli
1033 4659 1168 4734 vertigini
1192 4658 1386 4735 obsecundet,
1414 4659 1501 4720 simul
1523 4663 1651 4722 circum·

299 4743 377 4803 iens:
408 4761 458 4803 cer
480 4743 608 4824 insolens
630 4741 705 4805 edeo
730 4743 876 4818 uidentur,
898 4746 986 4804 etiem
1007 4746 1053 4819 iis,
1077 4759 1154 4822 quse
1175 4747 1278 4823 grevia
1302 4753 1370 4806 sunt
1391 4754 1421 4808 et
1442 4754 1564 4810 nutnree
1587 4755 1651 4810 ter·
1726 4747 1729 4818 l

298 4845 374 4905 rese,
399 4837 556 4910 postquem
578 4831 648 4892 bine
670 4833 816 4894 ιιιιιιιιιι
837 4831 915 4894 idem
936 4831 1078 4909 occidero,
1101 4840 1136 4894 ut
1148 4833 1178 4892 in
1193 4833 1283 4895 sltem
1298 4843 1395 4897 metue
1408 4837 1536 4914 spectem
1550 4843 1652 4899 bene-
1727 4873 1729 4910 ι
