3478 5424
408 1523 713 1614 illustrissimo
746 1521 1094 1639 Celsissinroque
1129 1523 1326 1642 Principi
1357 1552 1409 1614 ec
1439 1523 1614 1613 domino

663 1741 665 1748 ’
978 1734 1035 1794 Dn.

330 1905 723 2063 nutriero,
808 1904 1274 2045 llitttttio
1366 1903 1662 2060 ursum

384 2122 507 2194 contu
536 2123 570 2192 m
598 2120 947 2208 carzeneuemogen,
979 2120 1083 2206 ursis,
1113 2121 1335 2208 riegennarm
1364 2124 1395 2192 s
1424 2121 1542 2192 urrisu
1568 2120 1622 2190 ac.

604 2251 664 2322 Dn.
693 2271 736 2324 uc
763 2252 912 2342 Principi
941 2272 1003 2324 suu
1032 2252 1314 2338 clementissimo,
1343 2255 1406 2325 icc.

431 2579 514 2654 Cum,
537 2579 737 2639 Illustrissime
754 2575 979 2655 Celsissimeque
1001 2578 1155 2656 Princeps,
1179 2577 1304 2638 Domine
1327 2573 1573 2648 Clementissime,
1594 2581 1666 2653 peter

328 2685 410 2727 meus
437 2665 589 2728 Johennes
613 2665 778 2743 Kepplerus
801 2664 1027 2726 Mathematicus
1043 2666 1205 2728 Caesareus
1226 2665 1288 2742 jam
1310 2665 1382 2724 satis
1405 2674 1482 2726 esset
1504 2665 1667 2740 defatigatus

330 2773 348 2815 e
363 2761 444 2814 motu
460 2755 545 2814 molis
562 2757 713 2828 terrestris,
737 2755 881 2813 somniare
906 2756 1001 2832 coepit
1017 2753 1053 2813 de
1068 2755 1245 2814 astronomia
1264 2759 1293 2812 et
1307 2760 1388 2811 motu
1411 2756 1539 2830 corporis
1560 2752 1668 2822 lunaris,

328 2841 380 2903 sed
402 2846 499 2903 nescio
524 2842 593 2920 quid
617 2844 721 2903 ominis
742 2857 840 2900 secum
865 2840 995 2901 attulerit
1022 2841 1078 2902 hoc
1100 2842 1259 2901 somniumi
1288 2839 1381 2899 Nobis
1408 2857 1479 2900 sane
1501 2843 1562 2900 suis
1580 2838 1668 2898 liberis

329 2929 592 3004 luctuosissimum
622 2931 693 2990 licet
720 2930 776 3004 ipsi
798 2927 884 2987 luerit
907 2931 979 2988 setis
1008 2928 1202 3002 delectabilis,
1235 2929 1295 2987 imo
1325 2930 1562 3003 exoptatissimus
1590 2925 1669 3000 hrrjus

331 3019 435 3076 ominis
463 3025 595 3078 eventus.
641 3017 842 3091 Conscriptum
871 3032 898 3073 n.
930 3017 986 3077 hoc
1015 3015 1166 3076 Somnium
1194 3033 1260 3075 cum
1288 3015 1342 3074 sub
1371 3014 1472 3091 praelo
1507 3021 1668 3085 versaretur,

329 3121 431 3164 somno
455 3105 542 3182 (proh
566 3105 677 3177 dolori)
701 3111 805 3180 captus
826 3110 910 3179 pater
925 3105 1066 3179 graviori,
1091 3106 1150 3163 imo
1171 3102 1289 3175 lethali,
1313 3103 1415 3179 spiritu
1438 3120 1527 3180 supra
1549 3102 1668 3160 lunarem

331 3194 478 3268 regionem
510 3191 548 3251 ed
579 3192 699 3252 aethere
727 3191 781 3271 (uti
808 3189 970 3266 speremus)
993 3191 1136 3266 evolavit,
1167 3207 1220 3248 nos
1250 3189 1357 3250 liberos
1380 3189 1484 3249 Martis
1515 3190 1627 3266 injuriis
1647 3193 1672 3246 et

330 3279 430 3337 muntii
452 3279 540 3354 hujus
563 3280 688 3339 miseriis
711 3281 860 3353 expositos
883 3280 1019 3354 omnique
1043 3279 1100 3338 iere
1128 3277 1280 3354 temporali
1302 3292 1357 3354 cpe
1374 3276 1529 3337 destitutos
1546 3277 1671 3337 descruit

330 3364 428 3440 Hujus
451 3367 648 3443 impressionis
671 3383 769 3424 curam
793 3381 857 3424 cum
881 3367 925 3423 vir
948 3366 1057 3426 clariss.
1089 3372 1177 3440 atque
1201 3364 1318 3424 doctiss.
1344 3366 1400 3423 Dn.
1424 3364 1490 3424 Jac.
1515 3361 1674 3424 Bartschius

331 3452 405 3515 med.
429 3452 504 3514 doct.
530 3461 559 3514 et
580 3453 746 3513 matheseos
768 3455 798 3510 iu
821 3451 974 3514 academia
1000 3454 1206 3530 Argentinensi
1231 3452 1379 3528 professor
1409 3451 1592 3530 designatus,
1615 3449 1674 3510 eiii-

246 3581 248 3600 .
330 3541 375 3598 nis
397 3559 493 3614 meus,
525 3543 716 3618 suscepisset,
747 3558 779 3600 re
800 3539 928 3600 nondum
958 3541 1090 3602 coniecta
1111 3543 1174 3617 ipse
1198 3555 1315 3616 quoque
1337 3540 1439 3600 morbo
1463 3547 1610 3617 correptus
1632 3538 1673 3596 le·

331 3627 404 3687 theli
427 3629 508 3688 obiit.
1287 3643 1289 3648 ’

433 3715 497 3792 Ego
513 3715 627 3774 interim
642 3730 661 3773 a
678 3715 920 3789 peregrinatione,
944 3733 1033 3791 quam
1056 3732 1121 3774 cum
1137 3713 1246 3773 barone
1263 3711 1390 3789 quodam
1406 3713 1561 3774 Austriaco
1584 3728 1677 3773 susce·

329 3819 438 3878 peram,
461 3804 491 3860 in
516 3801 700 3861 Germaniam
723 3818 875 3881 reversus,
903 3802 971 3863 inde
993 3819 1012 3861 a
1034 3803 1151 3862 biennio
1174 3799 1285 3860 nullam
1313 3801 1425 3862 hebens
1455 3802 1590 3861 notitiam
1613 3817 1677 3860 con·

330 3888 449 3948 ditionis
471 3905 610 3960 meorum,
634 3888 823 3947 Frencciurto
855 3890 883 3946 in
909 3888 1059 3948 Lusatiam
1083 3888 1120 3948 ed
1143 3891 1222 3965 ipsos
1237 3890 1355 3965 scripsi,
1380 3897 1413 3948 ut
1428 3887 1576 3964 quomodo
1599 3893 1627 3946 et
1644 3902 1676 3945 an

303 4003 304 4008 κ
331 3977 436 4034 vivant
464 3994 511 4036 me
543 3979 694 4038 certiorem
722 3975 859 4035 iacerent.
903 3977 940 4034 Et
962 3993 1030 4037 ecce
1060 3992 1187 4036 noverca
1209 3975 1299 4036 vidua
1322 3993 1386 4035 cum
1417 3983 1542 4052 quatuor
1568 3971 1679 4053 pupillis

330 4081 397 4123 aere
421 4063 560 4124 destituta
583 4061 621 4121 ad
643 4079 688 4122 me
713 4064 808 4136 venit,
843 4067 872 4122 st
896 4062 1013 4138 quidem
1043 4067 1072 4123 in
1096 4070 1173 4122 stetu
1197 4062 1445 4124 turbulentissimo
1475 4066 1564 4139 inque
1591 4063 1678 4122 locum

331 4157 449 4228 propter
479 4167 613 4210 annonae
645 4149 794 4209 ceritatem
826 4152 1179 4223 inconvenientissimum,
1213 4158 1282 4228 post
1311 4151 1480 4211 seducens
1510 4150 1680 4228 exemplaris
1734 4189 1736 4248 1

330 4239 419 4314 hujus
441 4237 553 4298 Somnii
576 4236 751 4314 incompleta
779 4254 923 4314 opemque
949 4255 1043 4298 meam
1065 4237 1239 4315 implorans,
1273 4239 1322 4313 qui
1345 4238 1408 4315 ipse
1431 4237 1554 4297 aliorum
1578 4236 1679 4299 auxilio
1734 4263 1736 4292 l

331 4333 360 4386 st
382 4328 565 4402 promotione
599 4342 672 4402 opus
694 4323 798 4388 habeo.
847 4325 1076 4402 completionem
1099 4329 1169 4385 item
1192 4324 1398 4401 exemplarium
1423 4325 1511 4401 hujus
1534 4324 1679 4385 Somniia
1733 4301 1736 4384 l

331 4428 378 4473 me
400 4412 544 4490 postulat;
568 4411 619 4471 sed
643 4410 713 4486 quid
737 4427 792 4486 ego
815 4413 885 4472 boni
907 4429 1023 4489 sperare
1046 4412 1082 4473 de
1104 4413 1160 4472 lroc
1183 4411 1301 4471 Somnio
1324 4421 1444 4490 potero,
1475 4429 1539 4472 cum
1562 4406 1681 4490 patriflet
1734 4389 1736 4472 l

332 4499 411 4560 affini
433 4499 519 4559 luerit
540 4497 672 4559 lethale?
695 4496 813 4558 Interim
836 4508 943 4571 temen,
967 4517 1031 4560 cum
1055 4517 1160 4560 nornen
1183 4501 1311 4575 parentis
1327 4499 1402 4561 adeo
1418 4499 1528 4560 clerum
1548 4506 1579 4558 et
1592 4499 1680 4557 liono-

332 4586 442 4647 riiicum
464 4605 524 4647 non
547 4585 708 4658 occultare,
740 4585 791 4646 sed
814 4589 929 4663 potius,
962 4589 986 4646 si
1008 4589 1125 4666 ingenio
1153 4603 1207 4644 suo
1235 4586 1341 4645 lamam
1365 4604 1471 4664 sugere
1498 4602 1557 4645 non
1584 4585 1679 4664 possit,
1734 4589 1736 4640 Α

332 4680 429 4734 temen
459 4690 632 4736 conservare
663 4689 716 4751 pro
745 4675 857 4735 viribus
887 4673 981 4734 filium
1010 4676 1127 4748 deceat,
1166 4689 1221 4750 ego
1254 4691 1371 4751 quoque
1403 4675 1578 4753 petitionem
1608 4672 1679 4733 hauc
