3436 5416
622 374 645 432 Ι.
662 367 862 464 Metbemuticn.
1160 399 1164 413 r
1351 357 1419 434 ,155

58 545 131 612 Lib.
157 548 196 610 V.
219 549 291 615 ldet.
313 567 339 612 c.
368 555 418 616 bd.
450 553 480 612 lu
502 571 556 616 ssa
577 553 744 632 signideutu
774 553 968 632 distinguitur.
1012 551 1050 614 ut
1072 555 1217 628 quatenns
1240 543 1359 624 quidem
1382 561 1419 610 sx

61 645 192 714 quanto¹
217 647 249 700 ot
270 638 340 713 dixi,
363 639 495 716 resultat,
518 641 614 720 perid
632 645 720 704 etiem
735 641 878 717 delinitur,
901 659 942 704 sc.
959 640 1002 715 id,
1026 641 1055 700 ln
1071 639 1149 717 quod
1163 642 1306 714 quantum
1322 635 1419 712 quud-

58 740 184 802 cunque
206 725 364 803 dividitnr;
385 747 500 806 semper
529 732 606 792 enim
628 730 709 808 quod
731 749 752 792 e.
772 736 898 807 quonto,
930 735 1074 806 qnatenus
1097 733 1254 803 guantum,
1278 723 1416 799 aufertur,

57 829 136 888 pars
162 813 275 874 dieitur.
321 815 375 876 Est
395 826 494 878 sutem
517 818 597 878 aliud
621 821 768 891 terminus,
792 817 871 878 eliud
887 835 963 894 pers,
987 823 1015 876 et
1037 832 1095 876 non
1118 820 1185 874 eunt
1206 811 1280 872 boec
1295 811 1419 872 coniun-

58 898 181 962 dends:
210 901 305 962 lineae
334 913 433 980 peries
463 915 532 965 sunt
561 904 672 981 lineas,
702 907 818 969 termini
848 923 916 966 vero
946 911 1063 983 puncta.
1109 902 1147 961 Et
1168 901 1290 962 terminu
1314 899 1421 962 dieitur
1482 981 1484 988 J

59 987 184 1063 aliquid
208 988 376 1064 definitum,
401 994 601 1066 terminatum,
625 988 783 1072 domuerat.
807 1000 924 1070 propter
945 999 1043 1070 parter
1066 1007 1135 1050 vero
1158 1005 1230 1059 uon,
1254 984 1302 1046 rel
1324 994 1418 1048 tetum

58 1074 115 1133 vel
145 1092 242 1136 omne.
295 1075 372 1152 Quid
400 1086 632 1155 antummum,
672 1080 743 1159 qnid
772 1098 869 1156 omne,
901 1080 975 1140 libro
998 1079 1036 1142 V.
1059 1077 1131 1138 Met.
1155 1094 1181 1136 c.
1205 1081 1255 1136 26.
1284 1073 1416 1136 babetur.

56 1161 143 1222 Num
166 1162 311 1223 interdum
334 1166 364 1226 id
389 1183 474 1227 omne
497 1167 610 1243 dicitur,
633 1171 680 1230 eui
703 1168 784 1230 nulla
805 1185 924 1228 suarum
947 1169 1074 1246 partium
1097 1164 1187 1238 deest,
1213 1168 1329 1240 propter
1344 1179 1417 1237 quas
1522 1188 1525 1197 r

55 1251 174 1310 maturi
202 1250 313 1328 aliquid
336 1259 428 1314 totum
451 1254 571 1331 dicitnr3
599 1273 675 1332 quse
705 1256 824 1334 quidem
851 1255 1024 1332 significatio
1056 1253 1145 1330 psnlo
1172 1253 1309 1310 remotior
1332 1258 1418 1310 esta

56 1342 215 1414 praesenti
246 1339 477 1403 consideratione
501 1352 529 1404 et
553 1343 703 1404 relerends
726 1345 756 1404 in
778 1344 929 1422 qualitatis
960 1347 1093 1420 quartum
1123 1340 1260 1416 speciem.
1306 1335 1364 1396 Sed
1388 1337 1416 1394 in

56 1433 243 1501 quantorum
265 1444 371 1503 genere
395 1435 487 1490 toturn
511 1438 556 1490 est
579 1438 608 1490 et
622 1431 727 1492 dieitur
742 1449 825 1494 omrre
841 1433 1009 1492 continuum
1033 1437 1061 1490 et
1083 1428 1204 1498 finitum,
1227 1427 1252 1484 si
1270 1431 1416 1486 estonum

58 1512 139 1588 quid
164 1531 199 1574 ex
222 1514 322 1576 multis
345 1525 498 1590 constans,
532 1535 608 1596 quoe
638 1519 730 1580 multe
759 1521 891 1597 potentis
921 1520 1069 1580 insontis
1093 1533 1128 1576 eo
1152 1513 1200 1574 vel
1228 1513 1315 1574 ellam
1338 1519 1415 1574 wilk

55 1599 142 1659 Nam
167 1602 297 1662 totalitas
320 1611 365 1664 est
387 1605 531 1680 quaedum
547 1607 654 1666 unitus
683 1606 752 1668 dam
767 1609 856 1684 igitur
871 1617 1021 1685 quantum,
1045 1601 1124 1682 quod
1146 1603 1298 1679 principio,
1320 1598 1417 1660 medio

56 1697 91 1746 et
116 1688 175 1750 fine
199 1689 438 1765 comprehensum
453 1701 506 1767 est,
530 1693 558 1756 Ι.
574 1712 599 1754 e.
622 1695 704 1770 quod
724 1694 838 1756 finitum
861 1702 914 1768 est,
937 1697 962 1756 si
984 1696 1057 1754 situs
1080 1708 1179 1752 eorum
1202 1687 1312 1748 nnllam
1328 1685 1418 1748 insist

56 1773 272 1851 differentiam,
304 1796 389 1840 omns
412 1778 532 1853 dicitur,
564 1782 610 1840 sio
632 1782 717 1855 lacit,
740 1790 833 1843 totum
856 1781 1030 1860 appellatur.
1075 1777 1217 1854 Quamvis
1241 1793 1299 1836 vox
1320 1774 1417 1853 latina,

59 1863 203 1936 „totum“
235 1865 323 1924 etiam
353 1885 390 1926 eu
416 1877 500 1943 porte
527 1869 704 1945 respondeat
735 1887 858 1946 graecae
888 1873 954 1930 voci
975 1891 1046 1940 eug,
1077 1875 1107 1927 et
1131 1859 1255 1939 „omne“
1280 1886 1321 1939 τῳ
1343 1856 1413 1938 ite.

55 1948 139 2010 Num
165 1951 243 2027 qued
260 1950 364 2014 Graeci
382 1951 483 2016 dicunt
497 1977 554 2026 eng
568 1954 704 2034 ᾰμθμως,
726 1953 798 2020 dios
810 1961 942 2035 myndos,
965 1955 994 2016 id
1010 1954 1101 2018 latins
1117 1955 1206 2014 etiem
1225 1953 1269 2012 sie
1283 1950 1415 2012 effertur:

57 2043 144 2100 totus
168 2037 217 2100 bic
239 2055 384 2117 numerus,
409 2044 546 2104 universe
569 2043 617 2104 vel
639 2045 736 2140 omnis·
754 2043 828 2108 haec
848 2041 1032 2122 magnitudo.

653 2225 766 2314 capnt
792 2222 828 2297 8.

522 2359 574 2419 De
595 2359 736 2420 Unltate
758 2361 794 2418 et
813 2359 958 2420 Punctc.

169 2471 239 2536 Jorn
261 2475 349 2538 modo
378 2476 502 2555 dietum,
533 2477 612 2555 quod
644 2497 729 2540 omne
756 2485 851 2540 totum
880 2497 915 2540 eo
944 2480 1010 2557 ipso
1033 2475 1112 2558 qnod
1135 2483 1229 2536 totum
1256 2476 1295 2533 sit
1324 2489 1414 2534 eruum

59 2559 226 2638 quoddam.
263 2563 301 2624 Et
322 2583 411 2642 supro
432 2563 508 2648 (cup.
533 2565 576 2646 6.)
599 2567 707 2628 dietum
732 2575 787 2646 est,
808 2569 950 2628 unitatem
974 2584 1037 2628 osse
1060 2567 1210 2627 minimum
1233 2565 1414 2622 innumero.

55 2649 194 2726 Tempus
217 2652 316 2727 itaque
339 2661 393 2727 est,
416 2662 450 2714 ut
471 2652 508 2718 de
531 2673 595 2714 uno
617 2657 706 2716 etism
727 2654 841 2731 aliquid
865 2653 1005 2716 dicemus.
1049 2653 1103 2714 Est
1124 2659 1221 2714 autem
1241 2650 1316 2710 been
1338 2665 1415 2725 quo·

57 2753 120 2813 que
154 2754 211 2798 rex
235 2755 293 2798 una
316 2757 351 2799 ex
379 2741 668 2804 banmcendentibus
689 2753 718 2804 et
741 2745 919 2804 convertitur
942 2760 1007 2801 eum
1030 2750 1109 2818 ente,
1140 2741 1240 2814 itaque
1268 2753 1362 2812 aeque
1385 2738 1415 2794 iu

61 2824 203 2884 omnibus
226 2826 469 2902 praedicamentis
493 2837 537 2889 est
560 2839 590 2889 et
611 2847 670 2889 non
692 2831 722 2888 in
744 2846 803 2889 uno
826 2829 926 2907 aliquo
950 2829 1016 2907 (1v.
1039 2829 1111 2891 Met.
1135 2845 1160 2888 c.
1185 2825 1224 2907 Ι).
1246 2835 1249 2842 ’
1270 2823 1363 2901 Igitur
1385 2826 1415 2882 in

56 2927 171 2988 genere
194 2929 284 2974 uuum
307 2914 444 2976 delinitur
465 2915 516 2976 lib.
540 2917 577 2976 V.
600 2916 672 2978 Met
696 2935 720 2978 c.
738 2924 777 2990 6.,
801 2916 880 2993 quod
903 2934 961 2976 nou
983 2924 1081 2996 potest
1103 2914 1194 2974 dividi
1217 2929 1252 2974 eo
1277 2913 1341 2989 ipso
1364 2927 1413 2971 re-

57 3008 186 3076 spectu,
218 3017 276 3078 quo
299 3019 398 3062 onum
422 3003 534 3064 dicitur.
579 3003 617 3064 Et
638 3004 712 3066 baec
733 3004 909 3081 significatio
932 3006 1014 3067 vocis
1035 3019 1117 3064 unus
1139 3011 1184 3064 est
1211 3002 1240 3058 in
1262 2997 1415 3076 praedicu-

58 3095 164 3148 mente
187 3091 368 3163 quaesistis.
410 3089 498 3152 Utin
522 3093 660 3152 contiuua
676 3094 838 3170 quantitate
860 3092 939 3153 linea
959 3091 1137 3169 simpliciter,
1160 3097 1305 3166 quatenus
1328 3085 1414 3160 linea,

57 3191 123 3233 non
146 3173 252 3236 dieitur
273 3194 340 3250 nna,
365 3179 418 3238 ssd
440 3187 486 3240 est
503 3181 551 3255 (ut
565 3182 659 3240 omnis
675 3173 860 3264 magnitudo)
882 3179 1097 3257 quedammodo
1120 3179 1212 3238 multa
1227 3179 1257 3236 iu
1272 3176 1413 3252 potentia,

56 3261 116 3324 sed
139 3269 287 3339 quatenus
310 3265 424 3340 pedulis
447 3274 499 3326 aut
521 3274 666 3344 quotenus
690 3276 797 3330 certam
820 3267 910 3328 babes
931 3271 1073 3328 rationem
1096 3266 1134 3326 ad
1156 3265 1261 3338 aliam,
1285 3279 1344 3322 una
1366 3260 1414 3321 dl-

58 3352 155 3422 citur,
187 3351 257 3426 quia
287 3351 378 3412 dividi
406 3370 465 3413 non
494 3362 599 3431 potest.
644 3354 677 3414 Si
700 3357 776 3416 euim
803 3354 996 3426 divideretur,
1025 3372 1083 3416 non
1102 3355 1164 3431 jem
1188 3351 1313 3429 emplius
1336 3358 1415 3410 essee

58 3435 188 3514 pedalis,
212 3455 307 3515 neque
326 3440 390 3515 jum
413 3442 516 3502 endem
540 3450 672 3502 maneret
693 3442 757 3519 ejus
779 3445 854 3503 ratio
877 3442 914 3503 sd
938 3443 1024 3504 uliam
1049 3450 1165 3502 certam.
1205 3437 1291 3515 Quod
1313 3447 1413 3498 sutem

57 3541 164 3584 unum
187 3526 251 3583 sive
273 3530 377 3586 onitas
399 3528 588 3588 indivisibilis
610 3531 657 3604 sit,
680 3531 779 3588 multis
803 3530 874 3590 loeis
898 3529 1070 3590 Aristoteles
1093 3531 1198 3605 repetit
1219 3525 1286 3606 (ΙΙΙ.
1300 3525 1354 3584 ΡΙ.
1374 3532 1413 3601 7.,
1451 3524 1455 3532 ’

58 3610 104 3672 X.
129 3610 266 3684 Met.1.,
290 3613 327 3676 V.
343 3613 415 3675 Met.
438 3613 489 3696 6.),
514 3617 648 3693 adeoque
672 3619 791 3676 unitatis
814 3620 971 3678 essentiam
995 3633 1058 3677 esse
1081 3613 1223 3676 individui
1247 3616 1413 3688 essentiam,

58 3707 89 3760 et
110 3715 204 3757 unum
227 3704 337 3776 quanti,
362 3710 507 3778 quatenus
523 3713 673 3781 quantum,
697 3703 866 3781 simpliciter
880 3703 1059 3765 indivisibile
1082 3710 1111 3763 et
1132 3705 1194 3763 sine
1217 3702 1324 3780 positu,
1349 3717 1413 3762 esse

57 3789 227 3862 unitatem,
251 3795 282 3846 at
304 3805 368 3848 cum
393 3794 500 3866 positu,
524 3805 587 3850 esee
609 3799 770 3867 sonetum.

166 3873 210 3932 Ex
233 3891 293 3950 gua
320 3879 441 3938 unitatis
472 3877 638 3940 delinitione
667 3879 822 3940 solvuntur
850 3879 962 3957 sliquot
992 3878 1190 3956 quaestiones.
1234 3875 1351 3952 Prima,
1375 3893 1412 3936 en

55 3963 157 4021 unitas
181 3964 221 4020 sit
242 3963 402 4026 numerus?
440 3963 515 4025 Nam
539 3966 576 4026 V.
600 3965 655 4026 ΡΙ.
679 3973 708 4028 3.
733 3977 762 4028 et
785 3969 815 4026 in
839 3965 941 4044 Coteg.
965 3966 1079 4028 videtur
1103 3963 1276 4026 Aristoteles
1303 3966 1333 4022 in
1356 3979 1413 4024 nu·

54 4065 155 4108 meros
179 4047 284 4110 referre
314 4055 464 4112 uuitetem.
515 4052 554 4114 To
578 4051 683 4131 Ιφεξης
713 4057 791 4114 enim
814 4057 877 4116 sive
901 4055 1009 4114 ordinis
1031 4052 1269 4130 consequentium
1292 4058 1322 4111 et
1344 4068 1412 4112 suc-

7 4215 8 4220 *
55 4134 225 4197 cedentium
247 4145 336 4213 etque
359 4141 464 4200 seriem
487 4143 613 4200 numeris
637 4143 812 4216 nttribuens‚
843 4159 895 4220 pro
918 4141 1052 4219 exemplo
1075 4142 1157 4202 alleri
1179 4157 1268 4200 unum
1291 4147 1321 4198 et
1343 4139 1411 4215 duo,

55 4231 85 4284 et
108 4222 166 4283 lV.
189 4221 244 4286 ΡΙ.
270 4232 318 4286 12.
342 4243 528 4288 numerorum
550 4237 661 4302 eutem,
693 4232 802 4306 inquit,
833 4231 968 4290 minimus
998 4238 1041 4292 est
1069 4231 1166 4289 unitas
1193 4235 1246 4288 aut
1273 4225 1411 4288 dualitas.

55 4311 145 4371 Esset
168 4311 257 4385 igitur
280 4317 377 4374 unitas
398 4331 545 4374 uumerus.
591 4315 811 4394 Respondetur‚
834 4319 994 4390 unitatem,
1017 4319 1042 4376 si
1064 4319 1164 4377 stricte
1186 4331 1325 4394 agamus,
1353 4333 1412 4376 nou

7 4431 8 4436 κ
54 4415 121 4460 esse
144 4414 311 4475 numerum,
343 4401 588 4478 quemadmodum
617 4405 679 4479 ipse
702 4403 895 4482 philosophus
918 4404 986 4480 (IV.
1009 4403 1080 4464 Met.
1105 4421 1128 4464 e.
1154 4405 1198 4478 Ι.)
1230 4405 1371 4462 unitatem
1392 4421 1412 4462 u

55 4501 179 4546 numero
209 4489 363 4550 manifeste
397 4489 551 4567 distinguit
573 4500 600 4550 et
624 4491 696 4550 slibi
719 4494 848 4552 omnium
870 4494 1108 4554 contrarietatum
1130 4492 1254 4566 primam
1281 4491 1324 4549 nit
1346 4507 1411 4550 esse

58 4591 151 4634 snum
176 4580 205 4632 et
226 4574 350 4636 multum
374 4577 425 4654 (V.
449 4575 521 4640 Met.
541 4576 591 4656 2.).
637 4577 710 4638 Cum
733 4581 833 4656 itaque
864 4597 999 4642 numerus
1027 4581 1067 4640 sit
1088 4582 1202 4656 πληθος
1223 4579 1287 4638 sive
1309 4576 1411 4638 multi·

57 4661 129 4722 tude
154 4661 300 4724 unitatum
323 4663 379 4740 (X
395 4663 466 4730 Met.
486 4667 528 4740 1.)
551 4668 615 4727 sive
639 4667 731 4726 multa
753 4665 970 4743 quedammodo
992 4685 1051 4728 una
1073 4665 1144 4744 (ΙΙΙ.
1159 4666 1214 4726 ΡΙ.
1231 4661 1285 4742 7.),
1314 4667 1411 4726 uoitm

58 4767 126 4810 vero
151 4759 318 4827 opponatur
340 4753 529 4831 multitudini,
552 4762 584 4816 ut
606 4753 754 4817 divisibile
777 4763 807 4816 et
828 4755 1006 4818 indivisibile
1022 4753 1078 4832 (X.
1094 4753 1167 4814 Meu
1191 4755 1252 4828 3.),
1275 4769 1335 4812 non
1357 4755 1412 4813 erit

8 4835 9 4838 ’
57 4838 159 4915 deque
182 4840 279 4902 uniter
298 4841 373 4914 iuter
386 4857 533 4907 numeros.
560 4841 635 4906 ltem
659 4844 752 4906 omnis
773 4861 912 4908 nummus
934 4843 1025 4906 dividi
1047 4849 1154 4926 potest,
1177 4843 1275 4904 nubes
1296 4847 1342 4904 est
1364 4842 1410 4902 in·
