3436 5416
824 379 987 442 Plutarchus
1006 385 1040 442 de
1057 379 1139 443 Facie

28 535 129 666 Ϊᾶυἷὶς
173 557 186 654 γ’
306 585 359 646 pes
381 583 473 640 maus,
495 567 538 627 uti
562 564 688 641 dicebat,
711 571 740 628 at
762 563 879 626 Saturni
902 567 1064 627 ministerio
1085 583 1206 644 vacans,
1228 566 1361 628 sideralis
1376 565 1494 644 quidem
1515 565 1661 626 scientiae

308 673 343 715 eo
365 672 458 732 usque
475 671 614 730 quorsum
637 657 671 728 ia,
695 654 745 730 qui
767 657 945 730 geometriae
969 654 1049 714 dedit
1071 671 1198 732 operam,
1222 673 1310 733 quam
1332 653 1500 734 longissime
1521 650 1661 730 progredi

217 753 220 764 '
306 734 412 821 potes't,
438 743 647 818 experientiam
671 749 845 802 consecutus
862 751 913 812 est,
938 760 973 802 ex
988 742 1176 820 philosophia
1199 761 1268 804 vero
1286 743 1398 820 reliqua
1418 749 1530 820 partem
1553 740 1661 818 physi-

307 849 372 892 cam
394 848 552 907 usurpans,
584 829 743 906 cupiditate
765 829 818 888 luit
841 832 978 890 incensus
1002 838 1031 890 ct
1054 829 1195 891 desiderio
1220 831 1441 909 perlustrandae
1463 846 1590 906 magnae
1605 831 1661 895 ,in-

306 920 404 994 sulae,
434 921 477 993 sic
500 920 577 978 euim
601 924 633 976 ut
661 916 776 976 videtur
803 921 998 978 continentem
1021 916 1116 992 illam,
1143 920 1173 978 in
1195 937 1254 996 qua
1276 937 1330 978 uos
1353 918 1528 992 habitamus,
1554 915 1661 994 appel·

23 971 148 1082 5ῗῦ
196 1069 197 1072 ¹
305 1007 378 1067 lant.
423 1006 586 1082 Postquam
615 1023 684 1064 vero
707 1006 826 1081 triginta
854 1007 922 1064 anni
945 1024 1037 1064 morae
1055 1010 1115 1080 ejas
1132 1009 1160 1065 in
1178 1009 1283 1080 Ogygia
1308 1007 1489 1079 effluxerunt,
1513 1021 1583 1066 cum
1606 1021 1661 1082 ap·

306 1095 453 1173 polissent
473 1109 656 1153 successores
678 1110 695 1152 o
716 1095 813 1168 patria
834 1110 889 1152 sua
904 1097 1041 1168 America,
1061 1091 1127 1154 vale
1149 1094 1251 1153 amicis
1273 1092 1352 1154 dicto
1369 1093 1502 1154 discessit
1516 1100 1548 1152 ct
1562 1099 1661 1152 cetera

307 1187 466 1242 instructus
495 1181 676 1240 mediocriter
698 1188 728 1239 et
754 1181 893 1241 viaticum
922 1185 1072 1260 copiosum
1100 1184 1128 1238 in
1159 1181 1273 1258 poculis
1304 1183 1401 1242 aureis
1428 1180 1587 1258 deportans
1599 1175 1660 1256 ¹⁰⁵).

21 1345 37 1358 y·
63 1229 133 1374 'ssi'
160 1331 165 1358 ι
199 1267 201 1270 ’
309 1269 393 1346 Quae
415 1272 504 1346 igitur
526 1279 555 1328 et
578 1276 688 1345 quanta
716 1285 821 1344 passus
843 1271 895 1342 sit,
924 1277 997 1345 quot
1019 1270 1123 1331 adierit
1150 1277 1269 1345 gentes,
1298 1285 1372 1344 quos
1395 1268 1423 1325 iu
1445 1269 1537 1328 libros
1561 1283 1661 1327 sacros

307 1357 441 1418 inciderit
464 1359 541 1431 ipse,
565 1358 616 1432 qui
632 1356 768 1415 omnibns
789 1359 879 1416 sacris
902 1365 964 1417 erat
986 1359 1131 1430 initiatus,
1156 1373 1215 1417 uon
1238 1357 1323 1416 unius
1346 1356 1404 1417 diei
1427 1373 1501 1433 opus
1523 1365 1572 1414 est
1593 1371 1660 1432 per-

308 1448 402 1523 sequi,
425 1451 458 1504 ut
475 1446 542 1520 ipse
565 1443 682 1520 quidem
704 1443 791 1503 nobie
813 1443 921 1519 retulit,
945 1445 1018 1504 bene
1040 1443 1197 1505 admodum
1220 1450 1250 1502 st
1272 1443 1440 1520 singulatim
1463 1445 1563 1503 omnia
1579 1459 1660 1502 com-

307 1549 481 1594 memorans.
528 1529 612 1606 Quae
643 1548 713 1593 raro
741 1530 780 1591 ad
810 1540 991 1608 praesentem
1021 1533 1274 1593 conversationem
1301 1533 1458 1608 pertinent,
1491 1547 1527 1590 ea
1550 1528 1659 1588 audite.

308 1621 469 1680 Plurimum
485 1621 562 1679 enim
578 1621 716 1696 temporis
732 1617 909 1694 Carthagine
932 1627 1060 1679 moratus
1076 1628 1129 1694 est,
1152 1624 1184 1678 ut
1206 1620 1257 1694 qui
1272 1617 1350 1696 apud
1365 1635 1418 1678 nos
1441 1619 1530 1678 etiam
1545 1619 1660 1694 magnis

307 1708 467 1768 honoribus
491 1706 587 1768 cultus
609 1707 672 1778 luit,
696 1707 767 1782 quia
789 1724 887 1766 sacras
909 1709 1034 1784 paginas
1056 1714 1127 1782 tum,
1151 1704 1269 1785 quando
1284 1707 1362 1782 prior
1383 1706 1453 1765 urbs
1476 1721 1584 1766 eversa
1598 1705 1660 1776 init,

265 1820 267 1831 ·
309 1795 384 1856 clam
406 1805 552 1872 surreptas
566 1793 718 1874 multoque
738 1801 868 1869 tempore
891 1793 1041 1854 latitantes
1060 1796 1175 1870 subque
1197 1801 1303 1852 terram
1325 1791 1458 1854 defossas
1480 1794 1545 1870 ipse
1568 1792 1661 1852 vesti·

306 1883 403 1962 gando
427 1886 547 1944 invenit.
593 1881 766 1943 Visibilium
785 1883 872 1957 igitur
893 1899 946 1940 seu
969 1885 1190 1959 conspicuorum
1220 1879 1340 1941 deorum
1370 1880 1487 1941 dicebat
1516 1887 1659 1957 oportere,

307 1988 412 2048 meque
435 1971 509 2031 adeo
529 1969 656 2046 jubebat
678 1969 837 2028 bonoribus
859 1971 1024 2047 praecipuis
1046 1969 1140 2030 colere
1156 1969 1278 2042 Lunam,
1302 1976 1335 2026 ut
1349 1984 1425 2044 quae
1440 1969 1470 2024 in
1487 1969 1551 2027 vita
1565 1967 1661 2043 pluri·

306 2077 385 2120 mum
407 2059 533 2135 polleret
554 2055 675 2134 (quippe
698 2055 866 2116 elementari
888 2059 1000 2132 regioni
1022 2067 1198 2132 nostraeque
1220 2053 1407 2134 habitationi)
1430 2057 1613 2132 contiguam.

319 2200 320 2207 ,
411 2145 486 2205 Cum
509 2162 564 2222 ego
587 2147 705 2204 mirarer
728 2147 783 2202 ista
806 2161 996 2220 rugarumque
1019 2153 1050 2204 ut
1072 2146 1166 2221 magis
1183 2145 1336 2220 perspicue
1359 2160 1395 2203 ea
1409 2142 1512 2203 audire
1532 2159 1660 2220 possem,

306 2233 408 2308 multa,
432 2236 536 2310 inquit,
560 2231 685 2311 oSylla,
710 2230 746 2290 de
763 2231 826 2302 diis,
850 2241 962 2291 utnon
985 2235 1081 2292 omnia
1104 2240 1181 2292 recte
1206 2229 1341 2290 dicuntur
1364 2227 1530 2290 aGraecis.
1570 2229 1660 2290 Verbi

307 2339 412 2394 causa,
436 2323 520 2382 utin
544 2323 608 2396 ipso
633 2320 758 2396 vestigio
782 2318 889 2391 dicam,
913 2327 1006 2394 recte,
1035 2336 1099 2379 cum
1124 2319 1258 2378 Cererem
1280 2325 1309 2378 et
1333 2317 1479 2395 Pupulam
1503 2317 1660 2390 celebrant,

306 2426 365 2467 non
399 2426 466 2469 vero
495 2415 573 2468 recte
602 2415 755 2482 utramque
784 2413 812 2465 et
840 2407 928 2466 simul
955 2415 983 2467 et
1013 2409 1089 2466 circa
1117 2405 1240 2466 eundem
1270 2405 1367 2465 locum
1395 2423 1460 2466 esee
1483 2407 1660 2481 existimant.

308 2497 411 2555 Altera
434 2498 510 2556 euim
533 2497 563 2552 in
585 2495 676 2554 Terra
698 2501 743 2552 est
764 2501 793 2552 et
816 2492 934 2554 domina
955 2496 1147 2569 terrestrium,
1177 2491 1270 2554 altera
1293 2495 1322 2551 in
1344 2493 1446 2567 Luna,
1471 2511 1549 2569 quae
1574 2495 1661 2554 etiarn

309 2585 347 2644 ab
370 2584 439 2656 illie,
462 2585 514 2658 qni
536 2584 565 2641 in
588 2581 674 2640 Luna
696 2587 772 2654 sunt,
797 2579 887 2655 Cora,
911 2580 941 2639 id
963 2590 1008 2640 eet
1029 2581 1147 2659 Pupula
1169 2583 1336 2641 nominatur
1358 2589 1388 2642 et
1410 2574 1660 2658 Proserpinam),
1708 2637 1709 2640 ,

309 2671 365 2730 hoc
387 2669 519 2747 quidem,
550 2675 583 2728 nt
606 2671 741 2745 quaesit
763 2665 938 2744 Luciporta,
971 2668 1088 2746 Popula
1109 2687 1194 2744 vero,
1223 2671 1294 2746 quia
1323 2671 1412 2730 etiam
1434 2675 1537 2729 contra
1561 2667 1660 2728 oculos
1705 2669 1709 2732 ἶ

308 2758 409 2834 fulget,
432 2763 462 2816 in
485 2758 591 2834 quibus
614 2754 800 2816 simulacrum
823 2764 867 2815 est
889 2759 1056 2832 spectantis,
1080 2774 1167 2833 quam
1189 2757 1331 2835 pupulam
1353 2755 1558 2833 appellamus,
1587 2758 1661 2815 sicut

305 2845 394 2924 jubar
415 2845 494 2906 Solis
517 2847 545 2902 in
568 2839 656 2904 Luna
677 2850 833 2920 spectatur.
865 2841 948 2918 Quae
972 2861 1040 2904 vero
1063 2840 1099 2904 de
1122 2844 1267 2904 erroribus
1289 2845 1419 2919 ipsarum
1442 2843 1539 2920 deque
1564 2845 1661 2921 inqui·
1706 2905 1707 2918 ,

307 2937 415 2994 sitione
438 2942 556 2992 narrant
579 2930 684 2991 Graeci
706 2930 775 3011 (non
799 2934 897 2990 omnia
918 2931 1055 2990 fabulosa
1077 2940 1157 3008 sunt,
1187 2930 1239 2992 sed
1262 2928 1376 3006 aliquid
1399 2933 1489 2992 etiam
1512 2930 1563 3009 iis)
1589 2934 1661 2990 inest
1704 3003 1706 3014 A

308 3025 380 3084 veri.
425 3019 578 3081 Desiderio
603 3021 679 3078 enim
702 3025 836 3078 tenentur
858 3027 974 3091 mutuo,
1004 3036 1068 3078 cum
1092 3019 1129 3078 ab
1151 3021 1278 3080 invicem
1303 3026 1371 3077 sunt
1394 3017 1508 3079 divisae
1532 3027 1564 3077 et
1588 3021 1660 3078 circa
1704 3031 1706 3060 1

309 3110 442 3169 umbram
464 3124 552 3184 saepe
576 3124 640 3166 sese
662 3114 764 3164 mutuo
788 3105 1024 3183 complectuntur.
1070 3106 1148 3166 Illud
1170 3123 1254 3180 vero,
1286 3104 1367 3184 quod
1389 3123 1467 3166 nuuc
1489 3105 1611 3182 quidem
1633 3108 1659 3163 in

310 3197 392 3256 coelo
416 3199 454 3255 sit
476 3203 505 3256 et
527 3196 557 3252 in
580 3193 703 3267 lumiue,
733 3195 861 3251 nuncin
885 3195 1011 3253 tenebris
1033 3201 1064 3253 et
1084 3201 1186 3268 nocte,
1210 3193 1247 3254 de
1269 3192 1387 3270 Popula
1410 3193 1518 3254 salsum
1541 3193 1659 3270 quidem

309 3301 367 3342 nou
390 3291 445 3363 est,
467 3290 498 3341 at
520 3283 658 3358 temporis
682 3281 894 3357 longinquitate
909 3297 1047 3341 uumerus
1063 3299 1187 3342 errorem
1210 3284 1364 3344 contraxit.
1400 3281 1467 3341 Non
1491 3283 1571 3341 euim
1595 3282 1660 3340 totis

310 3385 362 3430 sex
384 3371 549 3445 mensibus,
580 3368 632 3428 sod
654 3377 722 3445 post
744 3377 858 3428 sertum
881 3385 1010 3428 mensem
1041 3368 1121 3429 illam
1142 3368 1276 3429 videmus
1298 3388 1317 3428 a
1340 3368 1447 3443 Terra,
1478 3375 1661 3446 tauquama

114 3527 117 3534 ¹
212 3453 215 3458 '
309 3459 409 3517 matris
432 3458 535 3516 umbra
558 3465 689 3532 raptam,
718 3472 782 3514 raro
806 3473 876 3514 vero
899 3455 978 3515 istud
1007 3465 1074 3533 post
1097 3457 1229 3532 quintum
1251 3459 1369 3534 patitur.
1415 3453 1527 3533 Utique
1550 3459 1660 3534 impos-

309 3545 394 3606 sibile
417 3554 462 3604 est
483 3544 542 3618 illi,
565 3551 635 3603 tunc
657 3544 797 3602 internum
821 3542 980 3618 declinare,
1004 3542 1120 3620 quando
1143 3545 1240 3621 ipsum
1262 3545 1405 3604 iniamum
1429 3546 1554 3622 trajicit,
1585 3541 1659 3624 quod

310 3640 340 3692 et
362 3633 507 3694 Homerus
529 3633 651 3691 obscure
674 3630 802 3707 quidem,
824 3638 856 3690 at
877 3647 935 3689 non
958 3630 1034 3690 male
1056 3631 1146 3690 dixit:

604 3718 644 3778 1η
666 3735 788 3794 compos
809 3735 879 3778 vero
903 3718 1030 3795 Elysios,
1057 3719 1185 3778 Telluris
1206 3717 1249 3778 ad
1270 3735 1350 3779 orus.

310 3803 370 3868 Ubi
400 3809 476 3867 enim
505 3806 608 3865 umbra
634 3823 721 3882 super
742 3805 861 3866 Terram
890 3805 1044 3866 distributa
1071 3805 1191 3880 desinit,
1222 3804 1253 3865 id
1275 3807 1326 3866 ille
1348 3823 1431 3868 oram
1453 3813 1484 3867 et
1504 3809 1658 3867 terminum

311 3893 437 3955 Telluris
460 3911 523 3954 essa
545 3897 644 3970 posuit
657 3887 717 3972 ¹⁰⁷).

415 3981 449 4040 Iu
465 3981 542 4040 hunc
557 3997 626 4039 vero
642 3999 766 4053 campum
790 3981 904 4051 elysium
920 3996 1003 4039 nemo
1019 3977 1112 4038 malus
1135 3979 1184 4040 vel
1198 3979 1366 4056 inexpletus
1389 3980 1572 4057 ingreditur;
1596 3980 1659 4042 boni

311 4084 382 4129 vero
405 4077 434 4128 et
455 4067 541 4144 lrugi,
563 4076 631 4143 post
654 4067 764 4125 obitum
788 4065 857 4126 illuc
882 4067 979 4142 delati,
1002 4069 1044 4126 sio
1067 4065 1184 4143 quidem
1207 4069 1299 4126 vitam
1315 4077 1408 4144 agunt
1430 4068 1614 4143 facillimam,
1634 4079 1682 4127 at·

311 4173 370 4216 nou
398 4164 428 4215 et
449 4157 566 4215 beatam
596 4170 691 4230 neque
722 4153 868 4230 divinam;
899 4155 946 4214 hic
968 4171 1059 4231 usque
1082 4153 1120 4213 ad
1142 4154 1299 4215 secundam
1330 4163 1455 4216 mortem
1482 4163 1659 4234 permanent

313 4243 396 4320 Quae
419 4259 489 4302 vero
512 4243 637 4314 sitista,
662 4239 786 4317 oSylla,
810 4242 845 4302 de
867 4240 964 4300 hisne
980 4243 1126 4318 quaerito,
1147 4243 1271 4318 jamjam
1294 4245 1370 4305 enirn
1393 4247 1457 4321 ipsa
1480 4261 1547 4303 surn
1571 4243 1661 4321 arpii-

313 4338 439 4390 caturue.
470 4327 626 4406 Hominem
641 4337 719 4388 reete
735 4329 852 4404 quidem
874 4329 963 4404 vulgo
987 4330 1180 4407 compositum
1203 4329 1283 4406 quid,
1308 4349 1344 4390 ex
1364 4331 1480 4391 duabus
1505 4347 1579 4392 varo
1595 4329 1659 4391 solis

312 4418 400 4478 rebus
416 4419 608 4493 compositum
624 4432 682 4475 non
697 4424 774 4474 recte
790 4417 964 4489 existimant,
987 4416 1159 4492 particulam
1174 4421 1251 4476 enim
1268 4416 1400 4494 aliquam
1414 4421 1533 4479 animae
1555 4418 1660 4479 iaciunt

312 4499 513 4578 mentem¹⁰⁸).
549 4504 612 4562 lmo
630 4519 698 4562 vero
721 4519 802 4562 mens
825 4510 907 4561 tanto
930 4504 1032 4563 melior
1052 4511 1082 4562 et
1104 4502 1230 4564 divinior
1245 4512 1289 4564 est
1304 4508 1413 4581 anima,
1438 4515 1553 4584 quanto
1570 4510 1660 4567 anima

314 4610 444 4668 corpore.
483 4591 580 4651 Efficit
602 4607 670 4650 vero
687 4592 792 4649 mentis
815 4594 877 4662 (pro
896 4613 977 4663 ψυχης
994 4594 1054 4664 lege
1071 4593 1112 4664 aa)
1136 4593 1303 4668 conjunctio
1318 4597 1472 4669 rationem,
1496 4612 1536 4655 ex
1558 4595 1659 4672 quibu

314 4680 437 4740 alterurn
462 4679 580 4756 quidem
601 4677 761 4753 voluptatis
784 4687 830 4737 est
851 4679 1023 4756 principium
1046 4687 1076 4737 et
1091 4678 1209 4754 doloris,
1232 4679 1357 4741 alterurn
1381 4683 1499 4741 virtutis
1522 4688 1555 4742 et
1577 4684 1658 4742 vitio·

314 4784 388 4826 rum.
432 4767 476 4826 Er
498 4767 590 4827 tribua
620 4781 690 4827 vero
713 4763 758 4824 bis
781 4767 909 4826 interae
938 4768 1096 4844 compactis
1119 4783 1226 4844 corpus
1258 4769 1376 4844 quidem
1400 4769 1506 4844 Terra,
1538 4772 1657 4829 animaru

315 4851 408 4928 Luna,
431 4861 556 4915 mentem
571 4852 624 4914 Sol
645 4853 780 4931 praebuit
801 4855 831 4912 iu
854 4853 1044 4916 nativitatem.
1074 4852 1328 4930 Quemadmodum
1348 4860 1439 4936 igitur
1453 4855 1560 4918 Lunae
1579 4857 1658 4936 jntu
