3398 5426
0 496 5 519 ι
123 357 133 488 ,Ι
147 397 157 412 ”
268 393 334 486 ’278
623 408 795 468 collectanea
811 423 846 466 ex
863 407 1002 466 codicibm
1020 404 1254 465 Pulhoriensibus

157 593 163 658 j
271 611 357 658 omno
371 558 617 670 igiturluurcrum
631 595 706 654 rnre
720 598 771 654 ne.
784 590 858 653 Juru
874 595 967 652 eren.
983 587 1121 668 ungoru.
1144 589 1186 649 Ar
1199 587 1257 649 ¹¹⁰⁰
1270 585 1348 650 ‘¹⁰⁶⁰
1363 588 1454 650 Μ*
1468 585 1624 666 sanger

272 683 345 760 Quis
368 680 508 756 affirmat,
539 698 605 741 cum
628 678 767 742 Julianus
789 697 884 741 annus
911 685 982 740 tunc
1010 693 1070 738 uon
1099 677 1186 738 fuerit
1212 679 1243 736 iu
1265 676 1343 738 usui
1380 677 1428 738 De
1451 691 1543 738 causa
1565 679 1623 738 sic:

0 739 96 862 ,fr
187 805 188 808 ς
231 823 237 836 .
268 771 366 850 potuit
388 769 419 830 id
440 769 502 830 llari
524 786 585 830 non
606 775 725 847 propter
746 769 870 845 primum
892 766 1091 841 novilunium,
1119 764 1172 826 sed
1194 772 1313 843 propter
1332 765 1438 840 alind,
1470 781 1511 827 sc.
1542 765 1624 840 quod

269 858 408 936 putarint,
431 857 474 917 ibi
490 874 554 918 esse
576 877 688 936 τροπας
701 861 828 934 depone,
852 871 1023 933 quanquam
1045 852 1213 914 incredibile
1230 853 1295 929 hoc,
1320 871 1390 930 ergo
1404 859 1528 931 propter
1541 869 1624 913 com·

0 905 104 1031 h
145 999 168 1024 ς.
271 944 445 1007 moditatem
468 945 609 1020 aliquem,
633 951 696 1004 erat
717 961 747 1003 n.
770 949 915 1006 mercatus
937 943 1026 1004 etiam
1049 940 1129 1019 apud
1152 939 1320 1020 Olympiam
1344 959 1379 1002 eo
1402 950 1546 1018 tempore.

0 1015 119 1125 4’Ῡῒιῗ
255 1079 256 1082 ,
374 1032 464 1094 Nota.
507 1033 574 1092 Non
596 1035 782 1093 consentiunt
803 1033 868 1092 ista.
913 1029 946 1092 Si
960 1028 1147 1108 Hipparchus
1167 1030 1347 1104 observavit,
1370 1045 1449 1090 anuo
1471 1045 1626 1105 superesse
1697 1027 1698 1032 ’

274 1120 336 1182 dies
360 1126 395 1195 8,
423 1119 582 1180 solstitium
602 1121 692 1196 igitur
713 1121 816 1180 statuit
837 1121 866 1178 in
891 1123 920 1180 b.
944 1118 1018 1178 Julii
1043 1124 1173 1194 tempore
1195 1116 1341 1178 Herculis.
1386 1115 1439 1176 Sin
1462 1123 1565 1178 autem
1588 1119 1626 1178 ob

269 1208 389 1270 solstitii
411 1209 579 1285 opinionem
593 1205 786 1286 Olympiades
808 1207 846 1267 ab
862 1212 892 1268 8.
908 1203 993 1280 Julii,
1016 1223 1086 1282 ergo
1109 1206 1247 1266 statuitm
1269 1204 1428 1266 solstitium
1443 1221 1505 1265 non
1522 1210 1551 1265 5.
1574 1205 1627 1266 sed
1697 1207 1698 1210 ’

271 1301 302 1356 iu
326 1301 356 1356 8.
379 1292 456 1355 Julii
478 1295 573 1355 etilli
598 1300 680 1355 1070
704 1295 773 1356 anui
794 1301 863 1355 sunt
884 1299 961 1354 retro
984 1292 1160 1354 extendendi
1182 1309 1241 1353 nou
1264 1291 1491 1370 abHipparcho
1513 1292 1566 1354 red
1589 1293 1626 1352 ab

270 1382 406 1444 Eudoxo.
451 1383 552 1456 (Auno
575 1382 630 1443 cb.
656 1388 750 1443 1600.
777 1379 911 1444 11.Jun.
934 1379 1047 1455 morid,
1072 1386 1156 1442 1200
1180 1379 1229 1442 die
1247 1385 1306 1455 14,
1331 1387 1393 1441 800
1418 1380 1466 1440 die
1484 1387 1548 1453 li,
1564 1387 1626 1440 400
1697 1455 1698 1458 ς

255 1471 320 1551 ςᾱὶθ
344 1476 404 1552 2οη
429 1477 447 1530 0
472 1469 518 1529 die
543 1477 606 1546 23,
628 1476 696 1531 ants
719 1469 787 1532 Chr.
812 1475 971 1543 too-uo,
996 1474 1156 1543 800-29,
1181 1473 1340 1543 luco-u,
1363 1465 1436 1544 duh,
1464 1472 1626 1542 roob-5,
1697 1527 1698 1530 ,

273 1558 449 1634 2000-8.)
472 1557 567 1619 Aliter
588 1559 663 1618 haec
684 1555 878 1618 examinanda
901 1574 937 1617 ex
960 1555 1125 1620 Prnteuieis
1148 1554 1320 1617 admotum
1342 1554 1520 1633 moralem,
1544 1557 1628 1618 aliter
1691 1565 1696 1573 ’

273 1645 311 1708 ad
333 1644 529 1722 inaequalem.
572 1645 746 1707 Pruteuioao
769 1651 799 1706 et
819 1644 908 1706 hodie
931 1651 961 1706 et
983 1645 1118 1706 omnibns
1140 1643 1248 1705 seculis
1269 1652 1445 1720 promovent
1468 1644 1628 1708 solstitium

271 1734 400 1794 medium
422 1749 481 1793 uno
505 1733 551 1793 die
573 1732 708 1810 ulterius,
736 1735 795 1794 imo
823 1733 985 1810 antiquitus
1014 1731 1141 1806 duobus,
1170 1730 1209 1792 ob
1231 1733 1372 1808 maiorem
1393 1731 1493 1810 (tuuc)
1516 1749 1628 1809 aequa-

273 1826 384 1884 tionem
406 1820 485 1882 Solis
507 1820 678 1884 ablativum.

375 1908 492 1986 Pergit:
517 1913 691 1984 Quapropter
706 1919 838 1970 vocarunt
854 1927 915 1967 sam
932 1927 1030 1980 eponae
1047 1912 1173 1979 deginae,
1192 1909 1220 1966 id
1238 1915 1282 1966 est
1292 1908 1450 1980 solstitium,
1471 1917 1505 1967 ut
1523 1923 1629 1979 semper

272 1991 436 2048 Aristoteles
454 1997 484 2048 et
500 1991 547 2046 alii
565 2006 659 2049 omues
677 1997 797 2060 veterem
816 1991 881 2047 item
900 2011 1008 2059 κεντρον
1024 1994 1144 2060 tapinos,
1162 1995 1294 2059 punctum
1313 1987 1470 2060 solstitiale,
1491 1989 1629 2047 cardinem

26 2100 37 2155 ξ
52 2107 83 2140 ι
115 2061 116 2068 ¹
146 2079 153 2162 ᾗ
269 2079 436 2152 :muralem
481 2074 573 2152 Atqui
596 2073 669 2134 nibil
691 2075 807 2151 scripsit
832 2073 1002 2136 Aristoteles
1026 2073 1061 2133 de
1084 2071 1197 2134 ludicro
1214 2071 1381 2150 Olympico,
1404 2074 1475 2132 etsi
1491 2075 1630 2149 scripsis-

0 2159 111 2280 A.
269 2170 325 2238 set,
350 2159 498 2240 q'uomodo
520 2163 659 2240 probabit
681 2161 827 2238 Scaliger,
857 2179 963 2224 nomen
986 2161 1043 2221 hoe
1065 2177 1130 2220 esse
1153 2160 1212 2220 diei
1235 2165 1263 2221 8.
1287 2159 1377 2235 Julii,
1406 2177 1474 2220 curn
1499 2158 1630 2220 noudum

271 2253 310 2310 in.
326 2268 382 2312 usu
406 2257 484 2314 esset
506 2250 662 2311 ,lulianum
684 2248 913 2310 Calendariumi
954 2250 1051 2324 Pone,
1074 2249 1226 2325 scripsisse
1241 2247 1384 2324 ‚aliquem
1407 2265 1442 2308 ex
1465 2248 1628 2320 veteribus,

265 2337 418 2400 'ludicrum
441 2339 619 2400 celebratum
641 2360 715 2414 pera
737 2360 849 2417 sponoe
869 2343 1006 2418 esposse,
1038 2332 1167 2397 noudum
1190 2335 1247 2395 hoo
1268 2335 1441 2414 tantundem
1464 2343 1524 2412 est,
1549 2353 1586 2394 ac
1606 2338 1631 2394 si

0 2383 113 2506 '‘'i-:j'fg
174 2485 175 2488 ,
270 2425 368 2502 dices,
398 2443 433 2486 eo
457 2444 574 2502 mense,
607 2427 657 2502 qui
679 2426 782 2502 incipit
802 2432 870 2502 post
895 2431 923 2486 8.
948 2424 1032 2486 Julii.
1083 2423 1159 2482 Nam
1188 2423 1420 2486 hecatombaeon
1450 2423 1629 2502 (Buntingo)

142 2515 144 2526 ’
225 2569 226 2574 ,
271 2521 367 2576 status
390 2513 445 2574 luit
466 2515 587 2577 mensis.
630 2512 740 2574 Probet
761 2511 910 2592 Scaliger,
939 2511 1052 2572 nullum
1081 2509 1361 2573 hecatombaeonem
1384 2513 1531 2590 incepisse
1564 2519 1631 2570 ante

159 2755 163 2764 ς
272 2690 441 2751 solstitium.

273 2607 302 2663 8.
324 2599 409 2676 Julii,
434 2604 493 2663 imo
516 2608 546 2669 et
568 2607 637 2662 ante
660 2599 722 2661 Gal.
746 2599 831 2678 Julii,
855 2604 898 2664 sic
920 2609 1032 2676 mmeu,
1064 2607 1096 2660 nt
1119 2597 1182 2659 dies
1213 2601 1321 2660 mensis
1347 2603 1396 2662 15.
1422 2598 1543 2661 caderet
1564 2604 1631 2677 post

377 2776 492 2854 Pergit:
505 2770 611 2850 'Neque
628 2779 658 2836 in
675 2795 746 2834 anno
767 2778 840 2836 cirili
857 2779 950 2836 Attico
973 2794 1023 2850 per
1040 2795 1139 2848 ιροπας
1157 2783 1268 2848 cepnae
1290 2779 1365 2838 aliud
1382 2779 1520 2847 intellige,
1547 2793 1631 2847 quem

256 2874 397 2926 ¹octrrram
415 2868 487 2924 mem
504 2865 626 2938 quintilis
643 2864 755 2920 iuliani
796 2860 894 2924 Proba
916 2863 972 2924 hoc
994 2862 1136 2939 Scaliger.

376 2951 492 3029 Pergit:
518 2956 610 3025 Quare
627 2953 691 3010 inde
710 2967 819 3024 quoque
837 2962 939 3023 natum,
957 2961 989 3012 ut
1006 2954 1113 3012 initium
1125 2953 1221 3010 Oancri
1237 2971 1293 3012 non
1309 2962 1453 3012 vocaretur
1471 2952 1630 3022 solstitium,

273 3045 322 3102 sed
339 3043 479 3114 ingessus
499 3045 570 3102 Solis
588 3044 617 3101 in
636 3045 779 3100 Cancrum.
811 3039 888 3100 Nolo
913 3038 1038 3098 dilticilis
1061 3055 1127 3100 esse
1149 3045 1179 3098 et
1193 3056 1337 3098 summam
1360 3039 1456 3117 deque
1478 3039 1631 3099 veteribus

272 3126 473 3189 incredibilem
494 3125 685 3209 diopoloyrcr
706 3130 901 3206 interpretari:
928 3127 1063 3208 „initium
1079 3121 1206 3199 canori“,
1229 3125 1327 3186 locum
1341 3127 1463 3203 scilicet,
1486 3142 1542 3204 pro
1563 3128 1631 3202 „in-

272 3233 375 3294 gressn
390 3213 468 3276 Solis
491 3217 521 3275 iu
545 3217 652 3292 eum“;
676 3223 749 3291 esto,
772 3213 844 3276 velit
859 3213 991 3292 Scaliger
1013 3215 1130 3273 initium
1145 3213 1214 3272 anni
1230 3217 1397 3276 macrinum
1412 3214 1526 3288 dicere,
1554 3220 1630 3286 estc,

243 3329 247 3342 ·
273 3322 332 3364 nou
355 3302 480 3364 dixerint
501 3302 660 3365 solstitium
687 3309 816 3378 veteres,
849 3305 900 3380 qni
921 3301 1113 3364 attendebant
1135 3300 1174 3360 ad
1196 3301 1349 3362 Ohaldaioi
1373 3304 1504 3380 computi
1525 3301 1631 3361 solsti-

266 3395 360 3456 tium:
383 3408 452 3451 num
475 3390 542 3452 ideo
564 3389 751 3468 Hipparchus
773 3408 832 3451 non
856 3390 930 3450 dixit
951 3387 1110 3450 solstitium
1133 3391 1162 3447 iu
1185 3389 1269 3451 initio
1285 3387 1414 3451 Cancri?
1435 3389 1631 3468 Hipparchus

276 3486 329 3553 est,
353 3481 403 3554 qui
424 3471 641 3560 animadvertit,
664 3477 764 3538 Solem
785 3477 898 3556 ingredi
921 3475 1064 3538 Cancrum
1089 3481 1106 3538 8
1131 3476 1236 3536 diebus
1258 3483 1327 3538 ante
1349 3495 1438 3554 quam
1461 3476 1631 3538 ostenderet

275 3564 452 3628 Chaldaicos
478 3573 642 3643 computus.
686 3563 746 3640 Qui
774 3573 842 3626 ante
870 3564 1071 3643 Hipparchum
1098 3563 1229 3638 luerunt,
1261 3563 1297 3625 de
1327 3567 1461 3642 ingressu
1488 3563 1572 3625 Solis
1602 3567 1631 3622 in

278 3653 421 3714 Oancrum
444 3652 560 3714 diverso
584 3672 603 3713 a
624 3652 751 3714 solstitio
767 3671 804 3714 ne
826 3653 1012 3714 somniabant
1034 3651 1169 3727 quidem,
1192 3650 1301 3712 uedum
1323 3659 1357 3712 ut
1378 3653 1546 3714 nominihus
1574 3654 1632 3712 ista

277 3740 496 3817 distinguerent.
528 3739 715 3818 Hipparchus
736 3741 825 3819 igitur
846 3742 966 3819 primus,
988 3742 1014 3799 si
1039 3739 1101 3798 dies
1123 3748 1239 3800 nostros
1252 3739 1392 3801 Julianus
1415 3739 1630 3813 accommodes,

278 3827 383 3911 „VHL
399 3827 462 3887 Oai.
479 3826 578 3902 Quint.
600 3831 764 3904 ingressum
779 3827 856 3888 Solis
879 3831 908 3888 in
925 3828 1068 3888 Oaucrum
1091 3835 1120 3886 et
1142 3827 1302 3887 solstitium
1316 3829 1437 3888 νιιιιιιιιι
1464 3827 1630 3904 adscripsit,

275 3923 307 3976 at
329 3914 391 3975 (iai.
416 3913 514 3990 Quint.
536 3915 727 3991 sequentibus
749 3917 907 3977 solstitium
930 3914 1137 3989 Chaldaicum,
1169 3916 1304 3990 utrinqne
1334 3915 1492 3976 solstitium
1515 3916 1631 3994 proies·

1 3985 57 4108 Ji}
157 3999 170 4014 ⁸
276 4021 336 4064 ens.
375 4001 407 4062 Si
422 4020 492 4062 vero
508 4000 689 4079 Scaligerum
712 4003 760 4063 hic
781 4005 929 4081 sequaris,
953 4000 1128 4064 credendum
1153 4004 1220 4078 erit,
1246 4008 1329 4064 1500
1353 4004 1439 4064 anuis
1461 4010 1530 4064 ante
1551 4001 1630 4080 Hip·

275 4091 430 4170 parchum,
460 4090 577 4167 quando
600 4089 757 4150 solstitium
780 4091 887 4151 accidit
910 4097 939 4152 8.
965 4089 1027 4151 iul.
1050 4097 1127 4152 retro
1150 4087 1379 4166 accommodati,
1405 4091 1471 4168 Jam
1493 4090 1631 4150 distincta

275 4180 350 4241 haec
380 4177 471 4238 luisse
501 4179 563 4238 suis
586 4178 767 4253 nominibus,
798 4196 818 4237 a
838 4176 988 4256 Scaligero
1016 4176 1065 4238 hio
1087 4179 1204 4255 positis:
1226 4182 1406 4250 ,nequidem
1423 4182 1547 4239 calendis
1564 4179 1630 4238 Julii

276 4271 325 4329 Sol
341 4275 485 4342 putaretur
506 4267 611 4337 ingredi
630 4268 777 4338 Cancrum,
802 4273 898 4325 octavo
922 4275 1013 4325 autem
1031 4269 1075 4326 die
1098 4267 1244 4325 solstitium
1263 4267 1386 4328 confid.“
1423 4265 1489 4327 Imo
1511 4266 1562 4327 iol.
1584 4270 1630 4326 15.

0 4339 68 4446 ἰς
172 4391 174 4396 ,
219 4369 229 4388 ·
276 4351 408 4432 appellat
429 4358 459 4413 et
480 4350 538 4412 hoc
559 4350 717 4411 solstitium
743 4353 896 4429 ,priscum
921 4351 1107 4413 Cancrum&

381 4439 497 4516 Pergit:
523 4441 612 4511 Quum
628 4441 713 4512 igitur
726 4442 785 4511 J'am
802 4458 819 4498 a
835 4443 927 4512 prisca
942 4442 1048 4512 epocha
1065 4439 1257 4513 Olympiadum
1278 4457 1386 4513 semper
1404 4441 1496 4500 Solem
1518 4445 1548 4498 in
1564 4445 1631 4499 Can·

4 4519 76 4612 fi,
168 4595 169 4600 ς
279 4539 354 4578 crum
372 4521 478 4592 ingredi
498 4520 657 4592 Oeldnliis,
677 4522 824 4578 solstitium
841 4529 932 4578 autem
951 4519 1048 4576 confici
1065 4521 1090 4578 8.
1110 4521 1154 4578 die
1172 4521 1369 4594 existimarent,
1387 4521 1565 4580 mmilestum
1583 4530 1630 4590 est,

278 4627 326 4666 eos
344 4609 434 4681 aliquo
454 4609 617 4682 astrologiae
634 4625 686 4665 usu
703 4607 942 4677 perfusos'iuisse.
974 4603 1105 4680 Largior,
1129 4604 1296 4667 conditores
1310 4603 1511 4684 Olympiadici
1528 4605 1631 4665 ludicri

279 4695 402 4754 scivisse
425 4693 502 4754 diem
524 4694 651 4770 solstitii,
674 4695 739 4753 slve
760 4701 876 4771 praeter
898 4697 1017 4770 propter
1032 4709 1068 4752 ex
1082 4691 1238 4754 traditione
1261 4696 1392 4772 computi
1415 4692 1630 4754 Chaldaeorum

281 4787 311 4838 et
333 4779 545 4858 Aegyptiorum
566 4789 619 4842 aut
641 4788 771 4842 veterum
795 4779 990 4856 Graecorum,
1020 4781 1084 4840 sire
1114 4783 1246 4842 exactius
1270 4800 1307 4842 ex
1330 4781 1540 4844 observatione
1562 4797 1629 4859 pro·

280 4866 345 4941 pria
366 4869 581 4948 sui-temporis.
616 4867 727 4946 Patior,
751 4874 784 4930 ut
807 4868 859 4932 illa
882 4866 945 4929 dies
967 4883 1004 4928 ex
1026 4871 1126 4929 nostm
1148 4870 1305 4933 recentiori
1326 4887 1385 4932 usu
1406 4876 1485 4932 retro
1509 4876 1629 4934 extense
