3398 5426
292 323 358 396 222
651 321 826 382 Gollemunaa
841 337 878 381 ex
895 319 1035 381 codicibus
1051 318 1282 380 Pultorlenslbuu.

396 503 469 580 Pap.
494 507 522 568 5.
566 503 714 582 Digressis
744 505 854 582 tnagis,
882 511 982 565 monet
1003 501 1203 582 Epiphanius,
1229 502 1334 566 Jesum
1355 519 1414 562 non
1444 503 1474 560 in
1498 498 1654 562 ummah

292 591 346 652 scd
369 593 398 650 iu
422 593 592 670 Aegyptum
615 592 816 670 deportatum,
849 599 879 652 ut
910 591 993 652 linita
1019 591 1220 670 purificatione
1247 595 1276 650 in
1299 591 1453 652 Nasarcth.
1498 589 1652 648 Nimirum

292 680 366 741 haec
390 696 482 740 causa
504 687 557 754 cst,
581 697 632 740 cnr
653 681 835 757 Epiphanius
858 688 972 756 tempus
995 682 1214 757 interposuerit,
1237 697 1308 740 sune
1331 697 1419 756 quam
1443 694 1570 755 urgens,
1595 674 1651 735 sed

291 785 350 827 nou
374 767 440 828 idco
464 783 583 828 necesse
608 775 661 841 est,
685 778 800 846 tempus
823 767 939 844 lougius
961 768 1137 844 interjicere,
1167 785 1222 828 nec
1250 765 1363 828 tollitur
1386 765 1651 842 Eraugeiistarum

294 855 443 916 dissensus
467 854 505 914 ad
528 856 664 932 speciem,
688 856 744 915 hac
767 855 884 931 quidem
908 858 966 914 via.
1003 854 1078 915 Nam
1101 857 1195 932 potuit
1218 857 1305 916 etiam
1328 857 1370 914 sin
1393 871 1465 926 essa,
1490 860 1522 912 ut
1538 851 1651 912 ecdem

294 942 341 1002 die
366 943 413 1002 vel
435 943 536 1020 paucis
560 943 719 1018 interjectis
743 951 772 1003 et
794 944 872 1018 magi
895 951 925 1003 ct
947 940 1097 1020 Josephus
1121 943 1292 1004 Bethleemo
1321 941 1515 1015 discederent,
1546 939 1595 998 illi
1619 942 1650 996 in

292 1031 428 1107 patriam,
451 1028 601 1106 Jusephus
617 1029 805 1109 ierosolyma
828 1030 866 1090 ad
888 1030 1133 1107 purificationem
1157 1035 1251 1107 potuit
1273 1031 1314 1091 ihi
1336 1031 1446 1090 moueri
1469 1032 1499 1087 in
1520 1027 1651 1098 sumnia,

294 1117 373 1192 inde,
396 1135 436 1177 sc.
460 1116 665 1195 ierosolymis,
688 1118 788 1195 lugere
811 1119 839 1176 in
856 1119 1034 1196 Aegyptum.
1074 1118 1169 1178 Lucas
1193 1135 1261 1178 uero
1283 1121 1380 1195 potuit
1402 1115 1458 1176 hoc
1481 1115 1651 1175 hunesilirc

163 1213 167 1228 ¹
294 1205 398 1266 codem
421 1206 497 1282 jure,
522 1223 581 1282 quo
605 1205 669 1266 vult
690 1206 873 1283 Epiphanius
895 1205 1080 1266 Matthaeum
1102 1206 1298 1266 transsiluisse
1320 1206 1528 1284 protectionem
1553 1200 1650 1262 Jeru-

293 1293 416 1371 solymls
445 1295 473 1351 in
497 1291 650 1368 limareth.
695 1292 758 1354 Nec
787 1293 852 1354 tolli
882 1301 1069 1371 apparentem
1100 1293 1262 1354 dissensum
1289 1294 1346 1353 hac
1373 1294 1422 1352 viu
1450 1298 1479 1352 et
1511 1300 1649 1367 tempure

297 1379 441 1454 biennali,
464 1387 546 1457 patet
568 1380 652 1440 inde:
683 1382 708 1440 sl
733 1381 808 1442 enim
832 1383 931 1440 statim
955 1399 973 1440 a
994 1380 1196 1458 purificatione
1218 1381 1341 1442 reditum
1364 1383 1393 1438 in
1416 1378 1564 1440 Nasareth
1590 1378 1651 1437 ihi·

295 1484 353 1544 que
377 1475 585 1528 commoratum
608 1468 734 1542 hleunlo,
759 1485 809 1528 cnr
832 1476 900 1545 post
922 1467 1002 1528 aliud
1026 1469 1174 1528 biennium
1197 1469 1350 1530 redeuutes
1373 1484 1409 1528 ex
1425 1467 1564 1545 Aegypto
1587 1481 1648 1524 non

294 1564 439 1632 quaerunt
453 1555 606 1627 Nasarcth,
630 1555 682 1616 scd
696 1565 863 1633 proponunt
878 1558 906 1614 iu
922 1554 1075 1615 Bethleem
1090 1555 1246 1618 hahitare?
1277 1557 1335 1616 Cur
1349 1553 1519 1614 Matthaeus
1534 1570 1647 1612 novam

295 1643 372 1702 hunc
395 1645 578 1703 ssessionem
601 1642 757 1704 novandus
778 1646 892 1721 patriae
915 1643 1094 1703 introduxit?
1130 1643 1250 1704 Rectius
1272 1646 1372 1720 itaque
1395 1644 1563 1710 statuimus,
1588 1639 1648 1700 Jo-

294 1729 417 1808 aephum
441 1748 476 1790 ex
499 1733 621 1808 antiquo
651 1733 746 1790 civem
775 1731 865 1790 tuisse
887 1729 1158 1804 Bethleemiticuur,
1189 1731 1313 1791 Mariam
1336 1730 1587 1800 Nasarcthsuam,
1618 1735 1648 1786 ct

293 1816 458 1895 Josephnm
481 1835 539 1878 uon
562 1819 680 1878 domum
708 1821 736 1876 in
762 1815 899 1879 Galilaea
926 1819 1080 1892 hahuisse,
1110 1817 1163 1878 sed
1185 1835 1221 1879 eo
1244 1821 1359 1879 venisse
1384 1833 1513 1894 sponsae
1542 1831 1645 1887 cansa,

197 1962 200 1972 ,
294 1907 468 1982 interimque
484 1905 567 1965 -dum
590 1905 732 1982 pauculos
762 1923 876 1966 meuses
905 1909 934 1964 in
957 1904 1093 1966 Galilaea
1122 1915 1263 1980 moratur,
1294 1915 1463 1966 reuocatum
1493 1904 1587 1964 luisse
1618 1905 1647 1960 in

294 1992 446 2054 Bethleem
470 1992 673 2070 descriptionis
696 2007 795 2066 cause,
819 2011 855 2054 co
878 1993 956 2070 qnod
980 1987 1052 2054 ciris
1074 2003 1153 2053 esset
1174 1994 1238 2070 ejus
1260 1993 1327 2056 loci.
1365 1993 1452 2052 Ibant
1466 1988 1647 2068 quilibetad

296 2083 445 2142 ciuitatem
467 2098 561 2152 suurn,
585 2080 726 2157 intellige,
749 2098 806 2140 non
820 2081 880 2156 jum
896 2079 972 2140 unde
987 2087 1065 2141 esset
1080 2081 1214 2155 oriturus,
1236 2081 1289 2142 sed
1311 2081 1360 2140 nbi
1382 2081 1499 2140 domum
1522 2079 1647 2138 haberet

294 2166 342 2230 rcl
364 2169 412 2246 jus
434 2171 571 2228 civitatis.
595 2162 660 2252 (Sic
682 2185 748 2228 curn
772 2167 808 2228 de
823 2168 937 2228 Christo
954 2169 1097 2241 scribitur,
1122 2169 1184 2229 ihat
1206 2171 1236 2228 iu
1252 2171 1399 2229 civitatem
1415 2169 1510 2240 unam,
1532 2164 1644 2224 intelli·

293 2258 371 2332 gitur
393 2271 451 2314 nou
468 2255 629 2329 Bethleem,
652 2271 711 2315 uon
726 2255 885 2327 Nasarcth,
908 2255 960 2316 sed
980 2255 1178 2332 Cspcrnanm,
1202 2256 1251 2315 ubi
1274 2257 1403 2316 civitatis
1421 2257 1471 2332 jus
1495 2249 1647 2330 habehat]

292 2342 368 2404 Nam
390 2360 467 2420 quae
489 2343 582 2402 lormu
606 2342 809 2420 descriptionis
831 2351 918 2416 esset,
941 2347 970 2401 in
987 2359 1046 2419 qua
1060 2359 1117 2403 uon
1133 2343 1213 2404 circs
1227 2344 1370 2417 locorum,
1394 2343 1447 2402 sed
1470 2341 1589 2401 oriundi
1611 2357 1647 2400 ex

292 2429 374 2504 locis,
398 2430 470 2489 alihl
493 2431 582 2504 cives,
606 2429 634 2488 in
657 2430 730 2490 lucia
752 2429 876 2506 singulis
899 2429 1138 2490 describerentur.
1176 2431 1217 2490 At
1238 2433 1364 2508 inquies,
1388 2427 1503 2490 ridetur
1526 2427 1563 2488 de
1587 2429 1647 2486 ori·

295 2515 379 2576 nudis
401 2519 603 2594 potiusquam
626 2517 662 2578 de
685 2516 788 2577 incolis
811 2517 1012 2594 accipiendum
1027 2528 1145 2595 propter
1167 2521 1281 2595 copiam
1303 2519 1470 2591 hominum3
1493 2519 1555 2575 imo
1577 2515 1648 2574 lacit

294 2605 408 2680 copiam
423 2603 574 2663 homiuum
590 2605 618 2663 in
635 2603 743 2680 oppido
759 2614 884 2680 augusto
901 2606 989 2664 etiam
1006 2605 1156 2665 confluxus
1172 2605 1374 2682 agricolarum.
1410 2605 1477 2664 Nou
1493 2605 1573 2663 enlm
1589 2603 1647 2662 cir-

293 2691 423 2752 cumibat
434 2699 602 2768 procurator
617 2691 766 2752 Romanus
783 2691 877 2766 uillas,
893 2691 946 2752 sed
959 2694 1142 2753 convocabat
1158 2696 1270 2753 ricinos
1286 2693 1432 2770 agricolas
1447 2694 1476 2750 in
1493 2689 1645 2768 oppidum.

296 2777 465 2838 (iurantem
480 2777 595 2855 ioseph
609 2780 638 2836 in
655 2779 816 2839 diversorio
831 2781 938 2856 potius,
955 2797 1044 2856 quam
1061 2781 1089 2838 in
1106 2780 1192 2840 domo
1206 2780 1283 2841 sua?
1312 2779 1390 2856 Quia
1404 2796 1532 2857 pauper,
1559 2777 1646 2838 dumo

294 2882 395 2926 carens
418 2873 447 2924 et
469 2883 561 2942 unper
584 2883 727 2941 reversus,
750 2865 880 2928 noudum
896 2866 931 2926 de
947 2867 1128 2928 habitatione
1143 2876 1340 2945 prospexerat,
1363 2886 1459 2927 norua
1478 2865 1544 2943 jam
1558 2865 1648 2925 mari-

295 2963 352 3028 tus,
375 2953 448 3014 torte
472 2955 561 3012 etiam
575 2955 741 3031 agitaverat
755 2956 863 3028 auimo,
886 2954 1018 3014 hahitare
1042 2957 1070 3012 in
1085 2954 1239 3029 Nasareth,
1262 2955 1342 3033 apud
1357 2971 1484 3032 sponsae
1500 2963 1646 3031 parentes

400 3039 514 3113 Habes,
539 3057 614 3116 qnae
638 3050 740 3101 uonna
762 3041 918 3118 Epiphanit
941 3043 1068 3102 rationes
1091 3041 1127 3102 de
1150 3043 1278 3103 biennali
1301 3051 1399 3106 aetate
1422 3041 1549 3114 Christi,
1582 3058 1646 3100 curu

294 3127 417 3203 lugeret,
442 3129 601 3205 excipiam,
625 3132 893 3201 consenescatis,
917 3145 993 3206 qnae
1017 3132 1105 3190 etiam
1128 3130 1273 3190 Batonius
1295 3133 1412 3208 excipit.
1456 3129 1523 3206 Age
1548 3131 1645 3206 igitur,

294 3215 509 3275 cardinalitium
538 3217 714 3276 sententiam
740 3215 818 3277 hunc
846 3215 992 3294 indiguis,
1021 3218 1046 3275 si
1073 3216 1147 3278 lorte
1179 3216 1226 3279 vel
1248 3237 1284 3279 ex
1307 3218 1363 3278 hoc
1391 3219 1510 3276 nomine
1534 3213 1646 3292 aliquid

294 3301 365 3363 mihi
388 3301 538 3379 diguitatis
560 3302 759 3364 adhaerescat.

398 3388 468 3451 Jum
490 3388 528 3449 ud
550 3391 708 3450 Eusebium
732 3391 813 3451 uenit
835 3396 936 3451 auctor
957 3389 1007 3450 iol.
1033 3395 1061 3466 5,
1085 3391 1150 3468 ejus
1173 3392 1261 3452 etiam
1284 3392 1453 3452 testimonio
1474 3407 1530 3467 pro
1553 3387 1644 3449 inleso

296 3493 402 3540 usurus
432 3480 461 3537 in
485 3479 750 3538 substructionibus
771 3481 842 3538 suls.
886 3477 1042 3556 Nunquam
1070 3487 1148 3539 recte
1171 3479 1347 3556 cujusquam
1370 3480 1573 3539 testinnonium
1597 3495 1647 3537 ex-

294 3563 444 3644 penditur,
475 3565 559 3642 cnjus
582 3567 709 3626 rationes
731 3565 933 3644 negliguntur,
961 3573 1133 3640 auctoresre
1157 3582 1231 3643 quos
1258 3575 1376 3627 secutus
1398 3573 1452 3627 est.
1498 3565 1645 3626 Eusebius

296 3653 463 3713 Africanum
486 3660 634 3714 auctorem
649 3671 702 3716 sen
717 3657 815 3732 potius
830 3660 1052 3714 monstraturum
1074 3655 1178 3714 hahuit
1192 3656 1239 3714 sui
1255 3657 1393 3732 computi,
1416 3656 1447 3712 iu
1470 3670 1532 3731 quo
1546 3670 1646 3731 parum

295 3739 406 3817 aliquid
430 3741 575 3802 Eusebius
605 3744 719 3802 censuit
747 3741 955 3803 innovandum.
1000 3740 1050 3801 Sic
1080 3743 1168 3818 igitur
1191 3749 1322 3802 veteres:
1352 3741 1485 3802 Christus
1515 3746 1545 3800 ln
1574 3742 1647 3817 hap·

295 3831 381 3890 tiemo
403 3829 507 3889 habuit
533 3847 625 3890 anuos
649 3835 706 3910 30,
736 3830 899 3906 baptisatus
930 3846 998 3890 vero
1029 3836 1085 3889 est·
1104 3846 1180 3889 suno
1206 3833 1256 3892 15.
1280 3830 1409 3904 Tiberii3
1440 3831 1466 3888 si
1495 3831 1584 3906 primi
1610 3832 1645 3888 15

295 3919 364 3977 unni
386 3915 497 3992 'liberii
520 3926 631 3994 partem
647 3917 756 3978 iaciunt
771 3935 910 3977 annorum
927 3915 1029 3978 horum
1048 3923 1098 3988 30,
1123 3934 1193 3993 ergo
1209 3925 1319 3995 partem
1337 3917 1459 3978 alteram
1475 3924 1506 3976 et
1521 3920 1646 3994 priorem

298 4013 443 4081 occupant
465 4004 559 4064 ultimi
584 4011 622 4065 lh
645 4005 782 4083 Augusti.
823 4005 863 4064 At
886 4007 1040 4082 imperarit
1056 4005 1208 4082 Augustus
1230 4013 1324 4065 annus
1349 4009 1399 4078 hi,
1424 4005 1538 4065 exactis
1562 4006 1647 4080 igitur

297 4099 336 4152 42
359 4099 447 4152 uatus
470 4101 516 4152 cst
538 4091 680 4152 Christus.
725 4092 769 4152 En
793 4093 899 4168 ouibus
921 4109 957 4152 ex
980 4095 1129 4169 principiis
1152 4101 1239 4153 exeat
1262 4097 1315 4156 42.
1339 4095 1476 4171 Augusti.
1515 4092 1646 4152 Retimit

294 4180 373 4240 huuc
396 4178 522 4255 Augusti
553 4196 661 4240 anunm
688 4181 833 4240 Eusebius
864 4177 962 4256 quoad
992 4197 1160 4254 numerum,
1190 4183 1377 4242 nativitatem
1407 4189 1507 4240 tamen
1541 4179 1647 4239 Christi

295 4269 389 4328 acrius
412 4267 537 4328 collocat
558 4285 617 4327 uuo
641 4284 727 4328 anno.
759 4268 834 4327 Nam
857 4283 922 4326 cum
946 4274 1059 4329 vetmcs
1081 4275 1216 4328 exactum
1231 4269 1444 4328 intellexissent
1462 4272 1513 4328 lh.
1529 4266 1646 4338 Tiberii,

296 4361 459 4416 currentem
481 4355 627 4416 Eusebius
649 4356 812 4432 usurpavit
858 4353 982 4414 Etcum
1005 4354 1048 4412 illi
1070 4371 1163 4416 annos
1186 4357 1300 4432 imperii
1314 4355 1444 4434 Augusti
1466 4357 1646 4414 censuissent

296 4460 316 4502 a
339 4441 429 4502 caede
452 4439 540 4518 Jrrlii,
564 4441 709 4504 Eusebius
732 4458 810 4504 anuo
831 4444 976 4520 posterius
998 4441 1065 4502 illos
1087 4443 1201 4520 incipit,
1229 4443 1361 4505 aceede
1384 4441 1540 4504 cusrsnlum
1562 4440 1645 4501 Hirtii

297 4536 326 4590 ct
348 4529 474 4590 Pansae.

401 4614 488 4691 Quod
510 4633 617 4677 annum
640 4614 767 4678 Herodis
788 4618 909 4691 attinet,
940 4622 1018 4677 recte
1047 4624 1147 4678 monet
1169 4615 1330 4696 Lydiatus,
1360 4619 1557 4695 transpositos
1587 4633 1644 4677 csso

297 4706 485 4764 numerosis
508 4704 650 4778 Eusebio,
683 4712 784 4764 contra
805 4711 932 4766 mentem
949 4707 1090 4766 ,unctoria
1134 4705 1212 4766 Nam
1235 4712 1265 4766 2.
1288 4705 1372 4765 Darii
1397 4714 1442 4766 est
1464 4705 1643 4765 Eusebianos

301 4795 394 4850 1497.
425 4788 518 4852 Juhet
532 4789 791 4882 igiturlEusebins,
813 4808 966 4854 unnrcrarc
988 4798 1050 4856 483
1073 4809 1167 4855 annos
1189 4811 1226 4856 ex
1247 4792 1402 4872 prophetia
1416 4791 1574 4872 Danielis3
1594 4790 1643 4854 ad·
