3436 5416
308 380 352 456 92
824 391 987 450 Plotrxcbus
1004 392 1039 450 ds
1056 391 1138 450 usne

309 565 360 626 ubi
381 563 493 628 nullum
515 583 620 646 corpus
643 567 748 633 duritie
770 570 884 655 solida,
911 569 992 650 quod
1014 571 1214 634 admiseritis
1235 565 1410 649 protundum
1432 563 1608 644 ignitiouara
1632 563 1662 619 at

309 652 502 730 incanduerit,
526 657 602 718 sicut
623 658 732 720 alicubi
754 658 883 738 loquitur
905 670 935 722 et
956 660 1116 722 Homerus:

257 757 259 762 ·
611 747 653 804 At
673 749 766 808 amul
787 752 909 826 espirot
929 750 1017 810 rutili
1037 749 1091 828 pios
1111 749 1201 826 ionis,
1223 753 1252 807 et
1273 744 1369 806 ordor

613 832 712 896 Desiit
733 840 768 896 in
787 855 925 913 munem
947 869 990 882 --
1015 869 1054 882 -
1078 869 1121 882 -

411 914 511 977 Prona
525 920 602 980 enim
625 937 682 982 uon
698 923 813 984 ridetur
836 926 911 1000 ignis
926 941 1000 998 essa,
1023 923 1075 984 sod
1091 939 1195 1001 corpus
1209 923 1348 998 ignitum,
1371 916 1508 978 allectum
1523 912 1562 972 sb
1580 913 1659 988 ἱμθι

309 1003 360 1080 qui
383 1003 490 1064 molem
513 1006 637 1070 solidam
660 1018 690 1070 et
711 1011 807 1072 radice
830 1030 885 1072 sua
905 1011 1053 1072 suffultam
1076 1009 1182 1072 insidet
1204 1011 1291 1085 eique
1312 1005 1452 1072 adhaeret
1480 1009 1511 1062 st
1533 1016 1603 1060 eum
1626 1011 1661 1057 eo

308 1089 461 1170 perdurat;
484 1093 618 1156 flammae
640 1115 709 1158 roro
731 1107 800 1160 aunt
821 1101 1004 1160 incensiones
1027 1099 1126 1160 aridae
1141 1099 1279 1160 materiae
1302 1093 1503 1158 alimentariae
1519 1095 1550 1148 st
1565 1087 1663 1146 durus

309 1177 429 1256 quidam
451 1178 546 1254 illius,
578 1201 653 1261 qaae
676 1186 758 1246 brevi
781 1195 910 1263 tempore
933 1187 971 1248 ob
994 1186 1224 1248 imbecillitatem
1252 1183 1423 1244 absumitur.
1460 1179 1568 1253 Itaque
1592 1171 1662 1232 nul·

310 1266 370 1326 lum
394 1264 468 1328 adeo
492 1268 612 1331 euidens
633 1273 708 1334 lomt
730 1273 877 1348 indiciam,
903 1274 1014 1336 Lunam
1030 1291 1094 1338 esse
1109 1289 1214 1351 corpus
1229 1270 1351 1332 densum
1365 1277 1395 1330 et
1411 1273 1549 1335 terreum,
1572 1269 1663 1338 quam

310 1355 336 1413 si
359 1352 432 1414 baec
454 1355 625 1419 carbonaria
647 1359 762 1421 claritas
785 1361 827 1422 illi
851 1369 929 1424 esset
950 1364 1076 1440 propria,
1100 1368 1132 1422 ut
1154 1360 1233 1420 color
1255 1359 1330 1436 ejus.
1367 1355 1472 1417 Nouus
1495 1367 1568 1412 raro
1591 1365 1663 1426 pos·

311 1459 375 1501 sum
399 1459 453 1518 ego
476 1444 538 1518 tibi,
562 1444 712 1508 Pharnace
735 1451 926 1524 amicissime,
948 1449 1106 1527 rependere
1128 1447 1235 1508 multos
1257 1445 1417 1508 deliciantis
1439 1440 1555 1502 colores
1578 1436 1663 1507 alios,

211 1556 217 1567 ι
296 1545 385 1606 ‚quos
417 1532 460 1590 sic
488 1529 671 1610 distinguunt
699 1536 894 1600 mathematici
916 1535 1174 1613 determinantque
1204 1551 1256 1613 per
1281 1541 1413 1610 tempora
1443 1535 1473 1590 et
1501 1527 1610 1588 boras:
1639 1523 1664 1582 si

314 1633 434 1694 uespere
458 1617 582 1696 deficiat,
606 1629 730 1700 apparet
754 1624 841 1686 raldo
863 1627 946 1701 nigra
968 1641 1061 1701 usque
1083 1626 1112 1683 in
1135 1625 1229 1684 noctis
1250 1623 1366 1682 tertiam
1386 1627 1417 1678 et
1439 1614 1612 1686 dimidiam,
1641 1611 1665 1670 si

313 1705 343 1762 io
365 1701 462 1765 media
483 1713 579 1782 nocte,
602 1716 672 1770 tunc
692 1711 926 1789 subpnrpureum
948 1712 1075 1775 demittit
1096 1718 1126 1772 et
1141 1713 1258 1788 igneum
1281 1716 1311 1770 et
1332 1709 1438 1786 pyropi
1453 1718 1593 1781 gemmae
1615 1714 1665 1759 oo·

313 1791 413 1866 loram,
438 1793 476 1852 ab
499 1793 572 1856 bora
594 1799 720 1874 septima
742 1816 808 1860 cam
831 1799 951 1860 dimidia
973 1803 1063 1862 oritur
1077 1799 1174 1873 rubor,
1197 1797 1315 1858 taudem
1328 1797 1389 1872 jam
1405 1794 1666 1864 aurorasorgcrrte

312 1879 439 1940 colorem
462 1881 556 1942 induit
578 1884 742 1946 meruleum
766 1894 795 1948 et
817 1887 929 1948 insuam
952 1903 1003 1947 seu
1018 1885 1169 1964 pallidum,
1192 1904 1211 1945 a
1233 1899 1292 1961 quo
1312 1885 1438 1942 maxims
1454 1880 1544 1940 casati
1565 1875 1666 1934 vuitus
1689 1890 1696 1932 ·,

313 1983 474 2044 cognomen
498 1969 576 2045 apud
597 1975 701 2049 po‘e'tas
723 1981 752 2034 et
775 1973 980 2051 Empedoclem
1004 1969 1191 2048 obtinuitli').
1221 1971 1294 2031 Cum
1310 1973 1398 2048 igitur
1412 1965 1534 2026 rideant
1550 1963 1666 2022 Lunam

311 2055 340 2114 in
364 2057 466 2116 umbra
489 2055 595 2118 'l'errrm
617 2069 781 2120 remantem
804 2069 848 2122 tot
869 2079 989 2122 numero
1012 2061 1125 2122 colores
1147 2059 1328 2132 adsciscere,
1359 2073 1417 2116 oon
1441 2059 1521 2116 recte
1541 2051 1666 2120 iaciunt,

311 2140 390 2220 quod
413 2143 508 2204 solum
531 2144 614 2206 illum
636 2164 747 2224 pronae
769 2148 893 2210 similem
916 2157 1029 2226 urgent,
1052 2165 1139 2225 quem
1155 2151 1230 2208 iuter
1245 2161 1345 2206 omues
1360 2144 1437 2204 alios
1453 2140 1587 2202 maxime
1603 2137 1669 2214 quis

311 2232 439 2291 alienum
462 2233 499 2292 ab
522 2234 587 2309 ipsa
608 2234 718 2295 lunaris
741 2237 870 2315 corporis
892 2245 996 2296 natura
1019 2235 1124 2297 dixerit
1151 2237 1309 2313 potiusque
1338 2230 1533 2292 admixtoram
1566 2233 1600 2286 et
1622 2241 1668 2284 re·

311 2317 419 2395 liquias
448 2318 566 2382 luminis
597 2323 779 2384 circumcirca
809 2323 984 2387 irradiantis.
1029 2321 1167 2400 Proprius
1196 2329 1294 2383 autem
1325 2320 1406 2381 color
1427 2317 1491 2394 ejus
1514 2321 1562 2374 ast
1586 2313 1670 2389 niger

314 2415 344 2468 et
366 2402 535 2480 terreus⁵⁶).
581 2407 658 2484 Quia
680 2427 749 2472 vero
771 2407 821 2470 bic
841 2421 1008 2488 peucenos
1030 2411 1171 2488 parietes,
1200 2412 1251 2486 qui
1274 2415 1343 2468 suut
1364 2406 1487 2485 proximi
1510 2401 1671 2480 purpureis
1695 2459 1696 2462 ,

313 2501 366 2556 aut
387 2495 519 2570 puniceis
542 2496 690 2570 restibus,
720 2497 844 2558 lacubus
868 2501 937 2559 item
960 2491 990 2560 et
1011 2499 1179 2560 fluminibus
1201 2496 1301 2558 Solem
1324 2492 1556 2572 excipientibus,
1583 2485 1671 2548 simul

314 2589 344 2642 et
365 2581 530 2641 colorantur
553 2590 583 2641 et
605 2583 813 2644 collustrantur
837 2603 930 2661 esque
961 2587 1073 2647 rationo
1102 2585 1291 2646 reflexionem
1315 2581 1423 2642 multas
1446 2587 1477 2642 et
1499 2577 1671 2638 differentes

312 2668 439 2729 reddunt
459 2667 746 2746 resplendescentlas,
770 2671 840 2748 quid
855 2674 968 2752 mirum,
990 2676 1018 2732 si
1041 2673 1177 2749 copiosus
1199 2672 1295 2731 fluxus
1311 2671 1433 2730 umbrae
1455 2669 1572 2726 irruens
1588 2663 1673 2724 reiut

314 2759 344 2816 in
365 2755 489 2833 pelagus
512 2755 584 2814 illud
607 2756 732 2820 coeleste
754 2759 872 2819 luminis
895 2777 955 2820 nou
976 2760 1091 2822 stabilis
1114 2767 1166 2819 ont
1188 2761 1296 2835 quieti,
1320 2756 1373 2818 sed
1396 2757 1435 2816 ab
1457 2755 1607 2814 immensa
1630 2750 1672 2808 si·

315 2843 414 2904 dorum
437 2841 623 2904 multitudine
644 2846 747 2920 agitati
771 2849 924 2924 omnisque
946 2851 1060 2924 generis
1075 2849 1231 2907 mixtiones
1249 2854 1279 2907 ot
1292 2844 1554 2904 transmutationes
1579 2839 1673 2898 susd-

315 2934 427 3006 nentis,
460 2933 486 2990 si
516 2931 564 2991 bic
594 2934 712 3008 inquam
741 2933 837 2994 fluxus
864 2935 985 2996 umbrae
1007 2934 1132 2996 colorem
1155 2933 1309 3009 detergens
1331 2950 1351 2991 a
1372 2932 1458 2991 Luna
1480 2928 1554 2988 alibi
1580 2926 1672 2986 alium

314 3020 363 3081 bio
384 3021 413 3077 in
437 3017 534 3079 Terris
556 3016 724 3096 reddit⁵²)i
760 3020 835 3080 Nam
863 3021 945 3082 sidus
972 3019 1089 3098 quidem
1119 3028 1170 3081 ant
1192 3023 1269 3098 ignis
1297 3018 1405 3096 aliquis
1427 3015 1506 3078 baud
1532 3012 1672 3090 equidem

316 3125 351 3168 ex
375 3105 477 3165 umbra
499 3108 657 3182 nigeraut
679 3108 793 3169 caesius
816 3115 868 3168 aut
890 3108 1042 3170 caeruleus
1063 3114 1200 3187 apparet,
1224 3115 1256 3168 et
1277 3107 1427 3167 montibus
1450 3111 1481 3166 et
1503 3103 1624 3178 campis
1647 3105 1674 3160 el

316 3195 445 3254 maribus
460 3193 569 3254 multae
584 3212 603 3254 a
617 3193 687 3254 Sole
702 3197 912 3271 superueniunt
934 3195 1062 3257 colorum
1084 3197 1203 3268 formae,
1227 3203 1257 3255 et
1278 3195 1377 3256 lumen
1401 3198 1507 3266 (iumen
1532 3193 1611 3249 Solis
1636 3191 1674 3246 io·

315 3283 426 3351 telligit)
449 3280 559 3341 umbris
582 3288 610 3341 et
630 3281 745 3342 nebulis
768 3285 970 3355 commixtum,
993 3290 1133 3359 tanquam
1155 3282 1376 3343 medicamentis
1398 3276 1581 3357 quibusdam
1608 3279 1675 3352 pig-

315 3369 477 3440 mentariis,
501 3371 641 3428 tincturas
665 3369 740 3430 tales
761 3375 856 3430 Lunae
878 3369 1002 3443 inducit,
1032 3370 1196 3445 exquibus
1220 3386 1285 3442 eos,
1310 3370 1415 3445 quiin
1437 3365 1569 3426 maribus
1597 3369 1674 3434 sunt,

315 3453 461 3514 Homerus
484 3455 725 3531 qualitercunque
747 3457 913 3517 nominibus
935 3459 1073 3532 insignire
1096 3457 1229 3528 tentarit,
1254 3455 1323 3516 dum
1338 3455 1466 3514 Pontum
1491 3459 1583 3512 vocat
1609 3453 1676 3510 uio·

315 3539 428 3600 laoeum
444 3548 473 3600 et
489 3543 617 3615 rincum,
640 3561 755 3604 rursum
768 3545 887 3605 ductum
902 3560 1088 3622 purpureum,
1112 3543 1184 3604 alibi
1199 3543 1338 3619 glaucum
1354 3545 1419 3602 sire
1434 3542 1568 3600 caestum
1594 3551 1674 3598 mare

317 3635 346 3688 et
368 3628 465 3687 albam
489 3628 744 3705 tranquillitatemr
776 3634 826 3709 qui
849 3647 919 3692 roro
941 3629 1070 3692 colorum
1093 3632 1122 3690 in
1143 3630 1235 3692 Terra
1262 3629 1336 3690 alias
1360 3630 1447 3690 aliter
1467 3630 1626 3687 incurrunt
1648 3627 1676 3681 io

318 3715 432 3788 oculos,
459 3732 510 3775 eos
533 3733 691 3795 eorumque
714 3718 891 3780 differentias
913 3719 1121 3795 praetermisit,
1151 3723 1184 3777 nt
1213 3720 1263 3794 qui
1293 3721 1351 3778 siut
1372 3714 1564 3777 multitudine
1587 3716 1678 3772 inun-

317 3801 480 3864 merabiles.

406 3888 476 3950 Jam
500 3888 614 3949 Lunam
641 3897 701 3950 uria
732 3891 797 3952 sola
826 3891 979 3968 superficie
1001 3892 1113 3950 marina
1135 3893 1215 3962 (torte
1232 3894 1331 3951 coloris
1344 3893 1434 3948 solum
1446 3891 1557 3960 marini)
1581 3886 1677 3948 vesti·

318 3983 378 4037 tam
402 3993 481 4048 esse,
513 3993 572 4036 non
595 3983 640 4036 est
660 3977 826 4054 probabile,
854 3977 1056 4040 sedmaxime
1078 3976 1202 4037 similem
1226 3995 1290 4036 esse
1311 3977 1421 4037 'l'errae
1444 3975 1490 4035 illi
1513 3974 1678 4036 secundum

318 4072 462 4138 naturam,
486 4062 523 4122 de
545 4080 605 4139 qua
627 4062 778 4124 tabulatus
800 4073 846 4125 est
867 4065 1003 4125 Socrates
1025 4064 1075 4124 ille
1097 4066 1253 4139 antiquus,
1282 4066 1347 4124 sire
1372 4063 1451 4124 banc
1479 4065 1580 4140 ipsam
1603 4069 1679 4122 teoto

317 4156 451 4225 innuens,
475 4152 539 4209 sire
562 4149 598 4210 de
619 4151 679 4211 alia
700 4151 800 4226 aliqua
821 4169 950 4212 nameus.
986 4152 1053 4211 Nou
1075 4159 1120 4210 est
1138 4153 1215 4211 enim
1243 4149 1537 4224 incredibilemque
1563 4152 1676 4220 mirum,

318 4243 344 4300 si
366 4255 431 4298 cum
454 4237 527 4296 nihil
548 4237 658 4296 babeat
678 4239 708 4296 in
730 4256 779 4310 ae,
811 4238 890 4315 qnod
913 4239 968 4314 ipsi
998 4240 1211 4313 corruptionem
1239 4240 1379 4311 intentet,
1409 4237 1483 4297 nibil
1507 4253 1679 4308 coenosum,

318 4324 371 4386 sed
393 4326 502 4385 lumine
524 4339 597 4402 poro
621 4324 733 4384 truatur
746 4341 780 4384 ex
796 4325 895 4397 coelo,
917 4325 1005 4401 plena
1018 4323 1115 4384 calore
1130 4323 1188 4383 uon
1202 4325 1344 4385 adurente
1359 4332 1389 4384 et
1402 4327 1471 4401 igne
1486 4341 1547 4383 non
1567 4321 1679 4394 rabido,

318 4412 371 4473 sed
393 4413 531 4473 humecto
551 4419 581 4472 et
602 4407 771 4486 innoxio⁵⁸)
795 4414 960 4484 (Xylauderr
979 4415 1075 4483 sasso)
1091 4417 1121 4470 et
1142 4411 1302 4471 secuudum
1324 4419 1462 4472 usturam
1483 4409 1637 4484 habente,
1658 4408 1680 4468 sl

319 4501 394 4562 baec
416 4503 536 4577 inquam
558 4499 751 4558 amoenitates
778 4497 907 4557 locorum
931 4497 1083 4574 complexa
1105 4503 1150 4556 ast
1178 4497 1367 4558 admirabiles
1394 4507 1575 4575 montesque
1599 4499 1681 4559 tiam·

320 4589 467 4648 mantibus
490 4586 599 4647 similes
616 4592 645 4646 at
661 4583 779 4660 cingula
801 4583 944 4656 caerulea,
968 4601 1071 4644 aurum
1091 4599 1159 4643 raro
1182 4591 1212 4644 et
1234 4591 1386 4660 argentum
1410 4603 1469 4646 non
1493 4585 1634 4662 dispersa
1654 4587 1681 4642 in

320 4676 474 4754 profundo,
498 4673 550 4734 sed
573 4689 609 4733 ex
631 4671 809 4749 planitiebus
831 4673 998 4732 enascentia
1019 4687 1127 4746 magna
1149 4673 1246 4747 copie,
1268 4671 1316 4732 rei
1338 4673 1369 4730 in
1392 4671 1554 4749 laevigatis
1580 4673 1682 4732 altitu·

321 4762 438 4823 dinibus
462 4765 604 4836 (collibus)
629 4760 777 4834 vagantia.
824 4758 886 4817 Etsi
914 4773 983 4817 reru
1014 4773 1108 4818 rerum
1138 4759 1260 4817 istarum
1292 4768 1430 4835 aspectus
1460 4777 1515 4837 per
1548 4762 1681 4820 umbram

321 4849 396 4910 alias
418 4849 502 4910 alites
523 4848 562 4909 ad
583 4863 637 4909 nos
658 4846 807 4928 pertingit,
831 4845 870 4906 ob
884 4844 1083 4907 diversitatem
1097 4850 1128 4906 et
1142 4848 1402 4912 commutationem
1417 4845 1573 4926 quandam
1596 4843 1683 4909 medii
