3494 5426
599 344 648 402 111.
669 329 864 402 astronomica.
1030 419 1032 426 ,
1064 329 1067 342 ⁶
1337 346 1402 418 293

58 524 94 585 ad
116 524 257 586 Atticum.
302 519 386 584 Tunc
408 525 523 586 incusat
545 523 745 586 diversitatem
768 523 916 586 climatum
939 530 968 586 et
990 523 1073 586 addit
1100 533 1249 587 auctorum
1273 526 1405 588 diversas

58 620 161 674 sertas.
200 610 386 686 chaldaeam,
410 615 439 670 ni
454 613 549 688 iallor,
573 630 638 673 eam
661 612 739 686 dicit,
764 631 850 688 quam
866 613 996 690 Scaliger
1018 613 1240 676 dodecaererida
1261 614 1405 693 appellat;

59 699 206 777 Aegyptia
228 716 298 759 sero
320 697 526 776 speculabatur
548 708 641 759 ortum
655 699 751 768 Oanis,
776 708 805 760 et
827 700 899 778 quid
920 704 1018 780 siper
1042 707 1082 762 30
1106 701 1168 761 dies
1191 705 1313 777 mensis,
1338 703 1406 777 qni-

58 789 110 847 hus
126 787 217 848 Canis
237 795 317 847 ortus
339 786 487 862 incideret,
511 788 632 848 totidem
653 790 756 847 statuit
772 788 995 867 apocppcornc?
1019 786 1132 850 Graeca
1154 806 1224 850 vero
1247 806 1298 868 per
1313 805 1405 849 annos

58 876 129 954 cycli
149 873 243 934 solita
265 881 309 935 est
332 877 390 949 ire,
419 878 555 950 quamvis
578 874 717 936 Eudoxus
740 892 823 934 suam
846 875 1025 936 octaiterida
1046 877 1196 954 scripsisse
1219 878 1406 955 perhibeatur

59 969 85 1021 in
107 963 256 1040 Aegypto.
293 960 376 1022 Haeo
399 961 475 1022 velle
490 961 627 1036 Plinium,
650 963 885 1024 manifestissima
908 979 943 1023 ex
966 963 1159 1041 descriptione
1170 972 1293 1039 quartae
1308 972 1406 1024 sectae

58 1059 194 1128 apparet,
226 1049 308 1125 eujus
340 1055 441 1110 auctor
470 1049 586 1124 Caesar,
620 1066 732 1124 „annos
764 1048 802 1108 ad
829 1049 907 1109 Solis
935 1067 1050 1110 cursum
1078 1051 1211 1126 redigens
1241 1047 1403 1128 singulos.“

59 1137 173 1197 Graeca
196 1137 271 1196 enim
294 1137 361 1196 aliis
383 1137 467 1196 annis
490 1136 564 1214 cycli
587 1137 647 1197 alia
668 1135 826 1212 signifieat,
857 1137 966 1197 Caesar
986 1138 1117 1197 omniurn
1139 1155 1279 1197 annorum
1303 1138 1406 1199 iisdem

59 1225 160 1284 diebus
184 1223 295 1284 eadem.
334 1225 396 1284 Etsi
419 1240 489 1284 nero
511 1223 625 1283 Plinius
645 1225 706 1300 jam
724 1223 869 1283 delabitur
891 1223 928 1283 ad
944 1227 1085 1286 rationem
1106 1224 1306 1298 intercalandi,
1330 1242 1405 1301 quae

60 1314 177 1390 propius
202 1314 308 1371 attinet
329 1310 542 1388 longitudinem
564 1314 647 1385 anni,
677 1319 774 1372 tamen
798 1311 854 1371 hoe
876 1313 971 1388 ipsum
993 1311 1080 1372 relert
1102 1311 1139 1371 ad
1163 1320 1258 1370 ortum
1280 1312 1407 1372 siderum

59 1409 87 1459 et
107 1397 368 1476 significationemr
400 1406 549 1476 coeperat,
572 1400 683 1475 inquit,
706 1397 803 1458 sidera
825 1415 918 1457 annus
940 1402 1056 1461 morari.
1100 1397 1280 1472 Ridiculum,
1309 1399 1404 1459 triduo

1637 1451 1642 1468 v
1677 1441 1713 1474 'Et'

60 1485 148 1563 uulgo
173 1485 405 1547 animadversam
429 1485 627 1546 diversitatem
644 1494 724 1545 ortus
747 1494 777 1546 et
799 1502 920 1546 occasus
942 1485 1077 1561 siderum,
1101 1503 1225 1562 quorum
1247 1490 1321 1547 ratio
1346 1495 1405 1546 tarn
1489 1537 1490 1542 ,
1543 1559 1547 1573 Χ
1660 1493 1714 1556 r*

60 1581 103 1634 est
124 1572 213 1647 lexa3
245 1572 281 1632 de
312 1575 528 1650 comparatione
550 1576 612 1648 agit
635 1579 715 1633 ortus
737 1571 867 1632 siderum
886 1589 952 1632 eum
982 1576 1095 1634 ratione
1118 1575 1195 1632 anni.
1243 1573 1408 1655 „Coeperat

60 1679 152 1722 annus
176 1663 282 1720 morari
304 1661 420 1721 sidera“
451 1677 510 1739 per,
524 1657 741 1722 similitudinem
765 1659 854 1733 dixit,
886 1663 936 1736 qui
960 1663 1039 1738 prius
1061 1677 1119 1720 non
1141 1661 1325 1738 morabatur,
1355 1659 1408 1722 sed

61 1747 264 1811 antecedebat.
308 1748 406 1808 Ninaia
428 1747 648 1808 intercalatione
671 1747 780 1808 tardior
803 1747 921 1808 effamur
944 1765 1047 1807 annus.

161 1836 267 1914 ltaque
288 1835 391 1895 saltem
414 1837 563 1910 incertum,
586 1835 743 1912 Sosigenes
764 1837 854 1894 ternis
875 1836 936 1895 suls
952 1836 1165 1895 commentariis
1180 1851 1303 1894 suumne
1317 1851 1406 1912 para·

60 1941 181 2001 pegma,
206 1925 234 1980 in
259 1939 316 1998 quo
340 1931 420 1982 ortus
442 1921 584 1996 siderum,
616 1924 786 1995 eorrexerit,
816 1939 853 1980 au
876 1923 945 1980 enni
967 1922 1204 1999 longitudinem?
1239 1921 1313 1980 Mihi
1335 1921 1408 1981 illud

60 2011 182 2084 videtur,
206 2026 264 2070 non
287 2010 353 2070 boc.
399 2010 473 2070 Nam
496 2012 526 2068 in
549 2013 659 2070 incerto
681 2011 857 2070 constitutus
878 2009 967 2070 inisse
992 2008 1115 2084 videtur,
1138 2009 1304 2086 quomodo,
1329 2025 1406 2084 quae

59 2102 119 2174 ipse
141 2099 299 2174 scripserat
320 2108 349 2157 et
372 2099 588 2169 observaverat,
613 2097 650 2156 ad
667 2097 806 2156 Eudoses
821 2095 1063 2170 accommodaret,
1088 2105 1140 2156 aut
1163 2095 1311 2171 quomodo
1327 2099 1408 2156 ortus

61 2185 185 2246 siderum
210 2183 367 2245 collocaret
389 2187 418 2242 in
442 2192 523 2244 tanta
546 2185 715 2244 diversitate
737 2189 897 2257 auctorum,
921 2201 1008 2259 quam
1032 2186 1119 2244 etism
1143 2183 1256 2244 Plinius
1279 2181 1408 2258 attingit.

160 2271 210 2332 Ad
234 2279 344 2332 sectam
361 2271 495 2332 Caesaris
518 2275 655 2348 pertinet:
680 2277 867 2350 tempestates
891 2271 1008 2331 ardores
1031 2287 1101 2335 suos
1123 2270 1231 2331 habere
1255 2268 1407 2348 quadrinis

62 2363 140 2422 anuis
165 2368 195 2420 et
217 2358 335 2420 easdem
358 2377 416 2420 non
439 2377 547 2436 magns
570 2359 732 2421 differentia
754 2359 862 2418 reverti
884 2361 995 2420 ratione
1017 2357 1106 2418 Solis.
1150 2357 1229 2418 lllud
1251 2357 1289 2418 ad
1313 2355 1408 2417 Gras-

64 2466 139 2508 cam:
165 2449 281 2510 uotonis
303 2463 374 2508 vero
397 2449 499 2523 augeri
523 2441 640 2508 easdem
663 2449 822 2508 centesima
844 2445 1014 2506 revolvente
1034 2463 1068 2505 se
1083 2446 1177 2506 Luna.
1216 2444 1261 2504 lhi
1274 2444 1332 2504 hoo
1346 2454 1406 2504 eet:

63 2553 159 2596 onmes
184 2551 238 2594 eae
261 2533 439 2596 differentiae
469 2533 543 2594 liunt
563 2537 593 2592 in
617 2537 730 2594 oetavis
753 2534 884 2610 partibus
906 2535 1063 2609 signorum.
1088 2534 1218 2593 -Bruma
1240 2531 1409 2610 capricorni

64 2623 99 2682 ah
122 2628 151 2684 8.
177 2621 242 2681 cal.
266 2619 350 2682 Jan.‘
387 2621 496 2682 Postea
525 2623 688 2698 prorniscue
722 2620 758 2680 de
788 2627 852 2680 ortu
882 2635 1046 2697 occasuque
1074 2620 1201 2682 siderum
1229 2625 1259 2679 et
1288 2620 1408 2697 tropicis

33 2703 34 2714 ’
65 2709 252 2787 temporibus,
276 2716 388 2769 tantum
412 2709 451 2769 ob
473 2715 661 2786 tempestates
684 2707 720 2768 de
743 2711 900 2784 utroque.'.
917 2751 925 2767 .
943 2751 974 2766 ..

163 2797 209 2856 Ex
233 2794 320 2854 Plinii
344 2795 469 2876 „sectis“
494 2797 553 2856 alia
576 2795 658 2869 alies,
681 2797 710 2852 in
733 2812 871 2872 praesens
894 2793 975 2870 illud,
999 2793 1077 2870 quod
1101 2811 1136 2853 ex
1158 2794 1304 2854 sententie
1319 2792 1408 2851 Plinii

65 2883 248 2962 aequinoctia
278 2891 307 2942 et
329 2884 455 2944 solstitia
477 2884 506 2941 in
529 2885 641 2946 octavis
663 2883 796 2960 partibus
825 2884 975 2960 signorum
997 2889 1180 2957 statuuntur,
1211 2879 1273 2942 dies
1295 2878 1408 2957 longis·

53 2973 134 3042 ,sima
156 2977 213 3032 etc.
258 2969 314 3030 His
338 2978 549 3048 consequenter
571 2973 662 3031 statui
685 2972 845 3048 ingressum
867 2969 945 3031 Solis
968 2969 1105 3046 insigna
1127 2977 1182 3030 eto.
1228 2967 1315 3045 Ipsae
1337 2981 1408 3026 vero

65 3057 208 3119 calendae
225 3057 325 3135 procul
340 3058 429 3119 dubio
444 3057 681 3120 accommodatae
696 3053 848 3117 novilunio
864 3053 1047 3134 Olympiadis
1061 3056 1164 3133 primo.
1202 3055 1306 3132 Itaque
1321 3052 1408 3115 valde

66 3146 218 3219 dubitor
198 3162 337 3205 verumne
359 3148 413 3221 sit,
442 3145 522 3222 quod
544 3149 586 3206 ait
608 3145 751 3222 Scaliger,
780 3146 850 3204 vivo
873 3143 999 3204 Caesare
1021 3144 1147 3220 positam
1174 3159 1238 3206 esse
1262 3139 1298 3204 8ο
1312 3139 1385 3266 ὓ
1377 3159 1408 3200 rn

67 3233 124 3293 Cal.
147 3251 188 3294 sc
213 3231 323 3309 Aprilis
344 3233 526 3309 aScsigene,
549 3241 663 3294 rnortuo
685 3235 715 3291 ln
741 3237 790 3294 lb
815 3230 875 3291 Gal.

164 3319 321 3380 Concludit
342 3320 393 3380 iol.
419 3326 485 3382 aa:
518 3320 623 3403 „Haec
645 3337 708 3380 essa
730 3321 892 3394 nugatoria
896 3319 913 3353 ²
959 3317 1068 3378 Verum
1090 3316 1156 3378 hcc.
1200 3316 1276 3377 Nam
1298 3315 1408 3376 Hercle

66 3416 128 3469 ante
142 3407 345 3486 Hipparchum
360 3424 446 3469 nemo
461 3415 515 3482 est,
518 3365 589 3485 ”qui
606 3407 843 3468 animadverterit
857 3425 1054 3486 προηγησιι
1022 3423 1173 3465 sonnisse.
1205 3409 1256 3494 titii
1273 3413 1406 3518 seqnitur)
