3398 5426
253 325 260 348 x
289 363 353 434 268
645 362 820 420 undecennes
836 376 871 420 ex
890 361 1029 420 codicibus
1046 358 1282 420 Pullrorieuslbus.

288 560 341 606 eos
361 523 581 620 impressionem
602 543 675 604 iacit
697 549 727 604 et
748 541 932 620 quorundam
955 545 1161 606 conversiones
1183 559 1236 620 pro
1251 543 1365 604 ratione
1387 541 1518 604 ambitus
1540 547 1640 602 matu·
1694 541 1695 602 T

157 707 161 715 Ι
289 639 343 695 rat.
379 631 549 705 Mercurius,
574 631 677 694 aSole
700 633 820 708 primus,
844 633 1083 710 angustissimum
1105 631 1196 693 habet
1211 631 1370 692 ambitum:
1393 646 1452 691 neu
1474 631 1570 706 igitur
1583 627 1641 690 alia

288 720 408 782 celerior
430 721 563 797 sphaere,
588 720 672 798 eans
687 727 783 780 metus
799 721 874 780 intra
889 727 907 782 3
924 721 1067 780 mensium
1084 720 1210 798 spatium
1226 717 1333 780 linitur.
1371 718 1511 796 Sequitur
1527 717 1640 791 Venus,

287 824 451 886 quaecum
474 807 614 868 distantia
636 815 751 885 tempos
774 815 865 885 auget
887 813 916 869 et
940 813 957 868 a
982 825 1097 868 menses
1124 806 1223 866 habet
1267 806 1354 868 Hanc
1381 807 1517 884 sequitur
1539 805 1639 880 Terra,

287 895 386 978 media
407 899 482 956 inter
503 895 646 973 planetas,
669 895 790 973 planete
812 904 841 956 et
863 899 937 975 ipse,
962 897 1012 972 qui
1035 896 1114 956 lucet
1137 897 1166 954 in
1190 893 1285 970 Luna,
1308 893 1411 954 induta
1432 893 1570 955 lunarem
1593 910 1639 954 or·

200 1039 203 1045 .
286 985 353 1046 bem
376 992 563 1058 menstruum,
586 999 701 1044 menses
723 983 813 1044 elficit
838 990 888 1059 12,
911 983 993 1044 Mars
1015 985 1147 1061 superior
1169 999 1283 1044 menses
1309 989 1364 1056 23,
1388 981 1526 1059 Jupiter,
1551 983 1639 1060 quin·

286 1069 369 1149 inple
392 1090 411 1132 a
432 1071 509 1132 Solis
532 1077 630 1132 centro
654 1089 741 1149 quarn
765 1071 856 1132 Terra
877 1074 1028 1144 remotior,
1055 1075 1092 1131 12
1118 1087 1226 1143 annos,
1254 1070 1396 1131 Saturnus
1418 1069 1572 1146 noncuplc
1595 1086 1640 1129 re·

286 1162 391 1220 morior
423 1167 464 1221 30
494 1176 596 1219 annos.
642 1159 732 1219 Fixae
760 1176 847 1234 vero,
881 1176 946 1220 curn
976 1157 1089 1218 infinito
1111 1175 1186 1235 pene
1209 1158 1364 1219 intervallo
1386 1175 1405 1218 a
1426 1157 1498 1218 Sole
1523 1157 1638 1228 distent,
1694 1147 1696 1164 ¹

287 1248 411 1308 decebat
433 1255 515 1308 tauto
539 1264 657 1325 quoqne
681 1245 825 1308 tardiores
855 1263 929 1321 esse,
954 1263 1079 1323 cumque
1103 1247 1201 1307 omnia
1223 1253 1368 1322 tegerent,
1396 1253 1493 1304 motus
1523 1252 1556 1306 et
1585 1245 1640 1306 loci
1694 1257 1696 1316 f

287 1338 316 1394 in
339 1333 448 1395 mundo
471 1337 614 1396 rationem
638 1334 796 1409 efficerent,
820 1337 871 1412 qui
893 1342 996 1396 neuter
1018 1345 1096 1396 certe
1119 1335 1182 1394 siue
1205 1339 1372 1411 tegumento
1388 1333 1516 1409 intelligi
1532 1340 1640 1410 potest,

288 1424 435 1496 conuenit,
459 1429 492 1482 ut
513 1423 630 1499 penitus
653 1440 711 1482 non
734 1430 929 1482 morerentur.
973 1422 1011 1482 Et
1033 1422 1107 1482 hacc
1128 1439 1147 1482 a
1169 1429 1251 1482 metu
1272 1421 1329 1482 loci
1353 1421 1430 1483 Solis
1453 1422 1606 1498 probatio.
1695 1423 1696 1464 l

390 1509 481 1569 Porro
504 1511 615 1588 Regem
636 1510 716 1586 regia
737 1509 824 1571 stelle
846 1509 945 1584 decet,
977 1510 1033 1570 Dei
1056 1507 1234 1570 domicilium
1256 1512 1331 1570 situs
1352 1526 1488 1587 qnoque,
1514 1511 1569 1586 qui
1585 1510 1639 1568 Dei
1695 1501 1696 1508 '

288 1597 507 1659 similitudinem
529 1601 614 1675 gerit.
660 1597 733 1660 Tele
757 1605 886 1659 centrum
914 1605 972 1670 est,
997 1615 1015 1658 a
1038 1613 1096 1674 quo
1119 1597 1244 1673 primum
1272 1604 1318 1660 eet
1346 1596 1506 1674 generandi
1538 1597 1639 1658 circuli
1695 1593 1697 1622 ³

289 1693 320 1748 et
341 1686 482 1763 sphaerae
505 1687 687 1764 principium,
710 1686 787 1746 sicut
808 1685 907 1746 sDeo
930 1701 1030 1744 omues
1054 1691 1212 1758 creaturae,
1235 1687 1324 1746 etiam
1340 1703 1358 1746 a
1373 1683 1441 1746 Sole
1465 1687 1566 1744 omnis
1581 1685 1639 1760 lna,
1696 1695 1697 1700 ’

288 1776 389 1848 virtus,
414 1773 502 1849 calor,
526 1773 682 1834 efficientia
704 1779 734 1833 et
754 1779 851 1834 motus
866 1772 1090 1850 proficiscuntur
1112 1774 1246 1849 primunr.
1285 1772 1344 1834 Hic
1365 1772 1414 1833 ille
1436 1771 1564 1832 thronus
1589 1780 1638 1848 mi,

288 1861 385 1922 nullus
408 1861 493 1937 alius,
516 1864 547 1920 in
564 1879 622 1939 qno
645 1863 671 1920 is
686 1862 847 1922 rectissime
863 1860 976 1921 medius
998 1863 1073 1920 inter
1087 1859 1222 1936 planetas
1237 1859 1332 1921 locem
1347 1860 1512 1938 aequaliter
1528 1862 1638 1938 spargit

287 1953 506 2028 promiscueque
529 1948 627 2010 radios
649 1947 689 2008 ad
711 1950 850 2010 extimam
873 1947 995 2008 fixarum
1011 1947 1202 2026 superficiem,
1226 1950 1297 2024 quia
1318 1949 1379 2010 illic
1401 1947 1536 2010 incidunt
1553 1951 1638 2008 rectis
1696 2003 1697 2008 ,

285 2037 417 2114 angulis,
441 2036 544 2098 iisdem
569 2036 685 2113 angulis
707 2036 746 2096 ed
768 2054 800 2097 se
821 2037 996 2098 resultantes
1017 2037 1150 2096 resorbet
1170 2037 1199 2094 io
1222 2052 1287 2096 sese
1311 2044 1341 2097 et
1362 2037 1406 2097 sic
1428 2038 1531 2097 omnia
1554 2035 1639 2096 illus-

284 2124 401 2201 trando,
432 2127 518 2202 qnasi
547 2124 668 2200 quidam
697 2141 852 2202 corporeus
876 2125 972 2198 Dens,
1000 2139 1033 2184 se
1055 2126 1151 2200 ipsum
1173 2121 1315 2196 illustrat,
1345 2126 1416 2201 quia
1439 2125 1478 2184 ab
1502 2125 1639 2186 omnibus
1696 2177 1698 2188 ,

284 2211 439 2274 illustratis
460 2212 560 2273 radius
583 2210 622 2273 ad
643 2216 740 2290 ipsum
763 2212 864 2273 Solem
885 2210 1034 2285 relabitur,
1057 2212 1133 2271 sicut
1155 2227 1175 2270 s
1196 2213 1337 2272 creaturis
1358 2211 1453 2289 gloria
1475 2212 1516 2272 ad
1531 2213 1638 2272 Deum.
1696 2249 1698 2286 2

284 2301 383 2378 Atque
406 2301 462 2361 hec
484 2299 630 2361 radiorum
653 2302 882 2378 reciprocatione
905 2317 969 2360 sese
991 2302 1056 2376 ipse
1072 2306 1211 2375 tanquam
1226 2301 1256 2357 in
1272 2300 1384 2377 ingenti
1399 2300 1502 2377 aliquo
1517 2299 1638 2377 speculo
1697 2301 1698 2332 ³

284 2387 421 2462 incendit,
444 2390 543 2461 nutrit,
566 2389 657 2464 leret,
680 2386 733 2448 alit
756 2395 800 2462 et,
822 2385 967 2464 siquidem
990 2386 1093 2447 oculus
1115 2388 1262 2449 animatus
1285 2395 1346 2461 est,
1378 2391 1471 2448 cernit
1494 2392 1587 2450 etism
1608 2393 1637 2448 et
1697 2379 1698 2442 ἓ

285 2474 506 2553 contemplatur.
551 2473 636 2536 Un'de
665 2475 729 2552 ejus
752 2472 910 2556 αὐταρκιια
939 2475 1096 2550 illucescit,
1126 2473 1206 2551 qued
1236 2477 1299 2552 ipse
1327 2475 1385 2536 sibi
1410 2475 1563 2538 sufficiens
1585 2493 1639 2537 nee
1697 2507 1698 2544 1

285 2564 347 2624 nlla
369 2581 400 2623 re
423 2562 565 2640 indigens,
589 2563 646 2624 hoc
666 2565 740 2640 ipso,
765 2563 844 2640 quod
866 2561 931 2622 aliis
954 2558 1056 2623 nundi
1078 2563 1257 2639 corporibus,
1281 2569 1314 2624 nt
1328 2563 1410 2624 Deus
1434 2563 1567 2642 quidam,
1593 2566 1638 2622 iu-

284 2651 391 2725 serrit,
414 2649 513 2710 idest
534 2651 614 2728 quod
636 2657 681 2711 est
702 2669 845 2728 suamque
867 2648 1055 2712 beatudinem
1078 2651 1167 2710 ineo
1190 2652 1317 2729 positam
1340 2651 1444 2726 habet,
1477 2651 1560 2729 quod
1583 2654 1638 2713 toti
1697 2689 1698 2714 2

283 2737 392 2798 mundo
414 2737 534 2815 prodest
555 2739 618 2798 sine
639 2741 687 2798 sui
709 2737 875 2818 dispendio,
899 2741 957 2799 imo
981 2755 1047 2799 cour
1068 2739 1181 2814 ingenti
1203 2753 1257 2799 suo
1280 2739 1390 2812 iruna,
1422 2737 1475 2801 sed
1499 2757 1560 2801 non
1585 2758 1637 2802 ue-

285 2827 421 2888 cessario.
468 2825 541 2886 Cum
565 2828 653 2903 igitur
675 2826 732 2888 hoc
754 2826 869 2904 egregie
891 2843 943 2902 per
965 2829 1094 2903 quietem
1123 2825 1260 2902 perficere
1290 2830 1384 2905 possit
1405 2823 1516 2907 (motus
1538 2847 1569 2887 n.
1594 2835 1638 2889 est

284 2912 451 2976 ἐκστατικοι
472 2935 522 2991 της
545 2935 672 2990 poema,
705 2921 750 2974 est
771 2914 953 2990 indigentiae
979 2913 1082 2988 index,
1111 2913 1314 2991 efficeretque,
1346 2921 1379 2976 ut
1400 2914 1431 2974 id
1457 2915 1637 2993 ipsumhoc

283 3001 363 3078 quod
385 3001 451 3061 aliis
474 3000 631 3077 largiturus
654 3008 731 3063 esset
753 3000 957 3064 circumeundo
979 3004 1060 3079 prins
1083 3003 1168 3077 quasi
1191 3003 1389 3066 emendicaret
1402 3010 1432 3064 et
1446 3007 1533 3080 quasi
1549 3005 1637 3064 nobi-

282 3090 365 3150 lioris
388 3088 540 3166 cujusdam
564 3091 605 3150 rei
628 3091 758 3150 minister
781 3089 851 3150 orbe
873 3107 928 3150 suo
950 3096 1092 3167 tauquam
1107 3089 1212 3150 lectica
1226 3090 1492 3153 circumsederetur
1505 3091 1546 3153 ad
1563 3109 1637 3154 cou-

283 3175 439 3254 qnirendos
462 3178 572 3254 passim
595 3175 716 3254 globos,
740 3178 847 3253 quibus
872 3177 999 3238 calorem
1020 3176 1235 3254 subministret3
1258 3196 1335 3256 quae
1357 3196 1404 3240 res
1426 3197 1486 3240 rena
1507 3180 1635 3242 multum

283 3265 347 3342 ejus
360 3263 509 3325 nobilitati
523 3263 709 3342 detraheret),
732 3267 862 3325 sinamus
877 3264 960 3324 illurn
975 3267 1004 3323 in
1018 3263 1095 3326 solio
1110 3281 1165 3326 suo
1180 3269 1269 3344 regie,
1286 3285 1390 3344 nempe
1405 3267 1507 3328 mnndi
1521 3277 1635 3341 ceutrq

283 3355 442 3430 quiescere,
467 3359 579 3412 ceteros
601 3369 671 3413 vero
694 3352 828 3429 planetas
843 3359 872 3412 et
886 3352 1016 3428 Terram,
1040 3368 1117 3428 quae
1139 3352 1186 3412 his
1201 3357 1413 3416 mutationibus
1428 3365 1459 3418 et
1472 3356 1528 3416 lrac
1543 3356 1636 3418 solari

281 3443 357 3517 stipe
379 3439 520 3516 indigent,
545 3441 676 3500 sinamus
692 3441 811 3502 orbibus
826 3443 896 3514 suis,
920 3441 1028 3501 circum
1051 3439 1164 3514 Solem,
1188 3459 1287 3520 regem
1310 3461 1410 3519 enum,
1433 3443 1635 3506 mendicantes

282 3528 473 3601 circumvehi,
506 3534 647 3602 quantum
676 3530 782 3604 cuique
804 3527 921 3589 sufficit.
966 3528 1028 3590 Nec
1050 3536 1214 3590 metuamus
1238 3531 1363 3606 terrae,
1392 3549 1429 3593 ue
1451 3533 1576 3592 nimium
1599 3535 1635 3594 sit

282 3614 447 3676 debitunt
475 3613 654 3691 ponderosa,
685 3622 718 3675 ut
748 3616 821 3676 haec
844 3615 908 3692 ejus
939 3608 1023 3692 quasi
1052 3616 1193 3677 valetudo
1214 3628 1327 3680 motum
1354 3621 1432 3682 hunc
1461 3637 1519 3682 nou
1549 3621 1635 3682 ierat.

283 3703 420 3763 Centrum
443 3705 580 3779 exiguum
603 3710 656 3777 est,
679 3720 737 3762 nou
761 3710 806 3764 est
827 3720 926 3778 grave,
948 3703 1035 3765 lacile
1049 3703 1112 3765 orbi
1126 3703 1280 3767 uaneierre
1303 3725 1481 3787 quocunque
1497 3709 1635 3771 labuerit.

282 3789 420 3852 Centrum
443 3790 551 3852 Terrae
577 3793 676 3851 omnia
698 3793 801 3869 gravia
824 3789 994 3851 naturaliter
1016 3799 1186 3869 sequuntur.
1210 3827 1254 3840 -

776 4109 826 4166 De
847 4111 946 4168 Anno
969 4111 1131 4170 Romano.

386 4224 463 4284 Anni
485 4225 680 4301 quantitatem
711 4225 778 4287 inde
802 4227 840 4289 ab
863 4230 947 4290 initio
979 4247 1075 4292 rerum
1103 4231 1212 4314 vulgus
1234 4231 1394 4296 'bominem
1422 4240 1502 4298 state
1530 4237 1636 4298 biemia

279 4316 464 4389 aestatisque
487 4312 690 4373 vicissitudine
712 4317 806 4374 mensi
827 4324 910 4392 sunt;
942 4320 992 4395 qni
1015 4327 1088 4395 quot
1110 4319 1222 4381 dierum
1245 4330 1337 4394 esset,
1365 4326 1489 4384 nonita
1512 4324 1636 4388 sollicite

278 4401 333 4460 luit
358 4402 544 4462 observatus.
580 4399 743 4478 Postquam
759 4402 952 4480 multiplicato
976 4423 1080 4482 genere
1103 4407 1231 4469 hnmano
1253 4409 1353 4488 plures
1371 4411 1550 4488 cohabitare,
1574 4415 1636 4491 agri

279 4487 447 4563 diligentius
478 4487 550 4563 coli,
582 4495 659 4548 artes
692 4489 729 4549 sd
759 4493 868 4550 rictum
897 4496 1080 4556 necessariae
1110 4497 1234 4557 inveniri
1262 4506 1439 4574 coeperunt,
1472 4503 1636 4562 necessitas

279 4574 412 4635 homines
435 4575 473 4634 ad
496 4593 594 4637 euram
617 4576 694 4637 hanc
721 4579 964 4642 numerandorum
994 4585 1063 4642 anni
1089 4582 1202 4644 dicrum
1229 4586 1356 4663 impulit.
1401 4587 1636 4666 Deprehensum,

280 4659 391 4720 dierum
413 4680 478 4722 esse
502 4669 582 4739 365,
612 4665 663 4740 qui
685 4665 790 4726 modus
813 4670 882 4727 anni
905 4671 934 4726 in
958 4671 1080 4731 historia
1103 4671 1206 4732 diluvii
1229 4674 1383 4735 manifeste
1413 4679 1572 4754 reperitur,
1605 4669 1640 4738 nt

279 4746 350 4805 alibi
373 4747 482 4809 dictum
508 4758 562 4812 cst.
601 4751 684 4814 Tunc
706 4756 796 4830 igiter
810 4755 847 4814 sd
871 4757 1090 4818 similitudinem
1115 4761 1451 4824 cursusluuarisanuus
1470 4772 1635 4842 rspertes,

279 4849 354 4910 qnos
377 4853 492 4899 menses
515 4838 648 4917 dicimus,
677 4839 785 4904 habere
809 4845 915 4922 coepit.
954 4844 1044 4906 Primi
1059 4846 1202 4911 Chaldaei
1225 4853 1287 4915 otio
1310 4851 1497 4918 abundantes
1512 4855 1543 4916 iu
1556 4853 1636 4916 ielici
