3436 5416
968 346 1094 404 carmina

799 524 941 609 lessus.

454 660 497 721 At
518 667 556 734 te,
580 660 734 736 progenies
756 660 915 721 sceleratae
937 659 1049 737 perfida
1069 658 1160 720 Labis

541 747 669 807 Eritium
691 756 792 808 sancto
815 748 895 807 Mors
918 746 1059 808 meditata
1080 749 1171 824 gregi,

458 833 498 896 At
519 843 549 895 te
572 851 624 912 pro
648 841 729 895 tanto
752 834 861 896 scelere
884 842 913 895 et
935 852 987 914 pro
1010 834 1119 895 telibua
1141 837 1231 907 ausis,

357 923 359 931 ’
544 919 699 997 Quondam
722 925 810 983 etiam
833 925 946 994 victrix,
969 939 1046 982 nune
1068 925 1170 982 iterum
1193 922 1288 982 Hasta
1310 929 1402 983 necet.

457 1010 671 1088 Quamneqne
693 1016 755 1069 tam
776 1014 870 1070 sancti
892 1013 988 1089 potuit
1010 1012 1172 1071 reverentia
1196 1010 1311 1087 Mysiae

543 1097 684 1172 Flectere,
706 1115 761 1158 nec
782 1100 892 1158 tractae
915 1099 1048 1174 conjugis
1072 1097 1120 1156 ille
1143 1096 1234 1172 dolor,

458 1185 520 1246 Nec
538 1185 660 1262 jamjam
683 1188 829 1261 perimens
851 1195 952 1262 pectus
976 1184 1150 1259 miserabile,
1172 1187 1297 1261 primum

543 1272 627 1332 Tunc
649 1272 772 1332 thuiami
794 1290 812 1331 a
834 1281 921 1349 pacto
943 1273 1059 1333 loedere
1081 1272 1180 1331 laesus
1203 1290 1297 1332 amor:

458 1359 520 1420 Noc
542 1359 663 1419 viduata
686 1377 740 1419 suo
764 1359 881 1419 soboles
906 1367 964 1419 tam
989 1377 1081 1437 parva
1102 1368 1222 1436 parente

545 1446 631 1520 Filia,
654 1463 709 1507 neo
731 1450 810 1507 vitae
833 1455 924 1525 nupta
946 1465 1050 1525 perosa
1073 1446 1163 1520 diem3

459 1534 574 1594 Invitus
596 1538 673 1611 patri
695 1552 749 1595 nec
771 1535 849 1594 filius
870 1534 921 1595 ille
943 1543 1101 1612 superstes,

547 1619 663 1682 Ulrious
682 1622 801 1699 juvenis
825 1629 963 1698 tempore,
986 1629 1083 1682 mente
1105 1639 1209 1697 sene13

458 1711 520 1771 Nec
539 1710 602 1786 jam
624 1711 738 1769 succisa
761 1709 874 1783 domus,
897 1709 1038 1770 inclinata
1060 1710 1195 1769 columna

546 1796 603 1857 Illa
625 1797 682 1857 Dei
705 1803 805 1874 postes
827 1799 969 1874 sanguine
992 1799 1083 1857 tincta
1104 1796 1227 1872 Domus,

459 1884 517 1944 Dic
539 1900 605 1960 age,
628 1883 762 1944 lethifere
784 1891 897 1945 tantum
918 1892 1072 1961 peccata
1094 1887 1203 1960 sagitta

549 1970 632 2044 Quae
655 1973 739 2048 petis,
762 1972 793 2029 in
814 1979 970 2031 sanctos
993 1989 1043 2031 cur
1065 1971 1221 2031 furibunda
1244 1971 1328 2031 ruisi

460 2058 517 2133 Au,
541 2061 612 2134 qnia
633 2065 786 2135 peccatum
809 2065 962 2136 penetrata
983 2058 1151 2118 medullitus
1174 2075 1242 2118 osea

548 2144 690 2222 Occupat,
715 2153 759 2206 est
781 2146 865 2206 coelo
887 2149 929 2205 stc
951 2146 1129 2223 reparandus
1152 2145 1262 2206 bomo?

460 2234 516 2294 Eia
538 2250 603 2309 age,
626 2235 681 2293 sub
704 2241 795 2294 terras
818 2251 980 2310 exsangues
1003 2233 1149 2294 mordicus
1171 2243 1251 2292 artus

549 2320 663 2396 Atripe,
687 2320 785 2393 tunde,
809 2321 905 2392 abole,
928 2322 1037 2397 perlue,
1061 2320 1141 2394 rade,
1165 2336 1267 2398 coque.

462 2405 592 2482 Jamjam
614 2406 726 2467 fatidici
748 2409 830 2467 venit
851 2407 954 2467 ultima
977 2411 1111 2468 carminis
1134 2417 1225 2482 aetas,

551 2493 626 2554 Cum
648 2493 753 2554 reddes
776 2494 905 2554 nondum
928 2495 1026 2555 debite
1049 2495 1178 2555 membra
1200 2493 1278 2572 polo.

463 2579 589 2658 Spiritus
610 2582 722 2641 interea
744 2581 859 2641 coelum
881 2582 968 2641 subit
1013 2580 1094 2643 Uxor
1116 2590 1145 2642 ct
1168 2583 1239 2642 orba

549 2668 651 2729 Proles
675 2677 703 2728 et
726 2668 833 2729 Christi
855 2672 997 2746 sangnine
1019 2672 1110 2730 tincta
1133 2670 1245 2729 Domus

464 2754 539 2816 Sunt
562 2757 690 2816 Domino
714 2773 810 2817 curae.
855 2756 922 2816 Non
945 2757 999 2816 has
1021 2760 1067 2816 vis
1090 2757 1224 2833 improba
1246 2752 1352 2828 laedet,

547 2844 614 2904 Nou
632 2845 729 2920 juncti
752 2843 878 2905 Satanas
901 2844 1041 2922 Morsque
1064 2845 1222 2923 Stygisque
1245 2843 1337 2903 lacus.

386 3147 420 3231 l.
446 3143 666 3245 iliricum,
703 3144 861 3228 doluuoti
888 3034 1227 3244 iltumfflsrrmdrr
1254 3146 1405 3229 laureae
1434 3141 1667 3228 candidatum
1715 3116 1717 3125 “

668 3303 776 3379 Uirice,
800 3311 917 3367 nostrae
940 3304 1035 3380 gloria
1057 3308 1180 3382 patriae,

674 3390 700 3452 Ο
724 3395 786 3453 vita
808 3394 898 3469 patris
919 3392 1077 3469 posthuma
1098 3396 1204 3452 mortui

758 3479 825 3539 Hac
846 3479 922 3553 luce,
946 3497 1033 3556 quem
1055 3479 1149 3542 tectus
1172 3481 1314 3559 Magister

759 3567 903 3628 Restituis
925 3566 1032 3626 viduae
1055 3569 1184 3643 parenti:

672 3654 738 3727 Dic,
762 3670 838 3730 quae
862 3652 1025 3730 Charybdis
1047 3660 1076 3713 te
1099 3671 1150 3730 per
1172 3655 1337 3733 inhospitas

673 3740 872 3802 Periculosam
895 3741 974 3799 Diva
996 3743 1165 3817 voraginem
1208 3804 1211 3809 ξ

759 3827 907 3886 Latrautis
930 3834 959 3887 et
977 3845 1028 3903 per
1051 3846 1123 3888 saxa
1145 3827 1261 3905 Scyllae

760 3913 940 3974 incolumem
962 3914 1103 3992 applicuit
1125 3916 1294 3993 triumpho?

672 4001 839 4062 Tantumne
862 4017 949 4061 voces
971 4001 1190 4062 sollicitantium

591 4137 593 4145 ,
673 4089 744 4149 Alta
765 4093 901 4166 repostae
923 4097 1018 4148 mente
1040 4090 1212 4166 parentium,

704 4238 707 4244 ,
758 4175 922 4235 Tantumne
944 4175 1059 4235 terrens
1080 4176 1229 4237 literarum

760 4261 906 4322 Eraluere
928 4263 991 4323 sitis
1013 4263 1176 4339 laborque?

674 4348 759 4410 Haec
780 4348 926 4426 languidis
949 4351 1014 4426 quis
1036 4353 1159 4416 nuncius
1180 4350 1299 4412 auribus

656 4437 927 4496 ‘Immurmurasset
948 4436 1066 4497 solliciti
1088 4439 1188 4515 patris,

760 4521 889 4600 Jamjam
911 4525 1081 4599 migrantem
1103 4524 1259 4602 palpitanti

759 4609 881 4670 Pectore
904 4612 953 4668 rix
974 4615 1100 4670 animam
1122 4611 1279 4672 babeatis:

676 4694 770 4756 Curae
790 4696 907 4755 levatus
928 4703 1010 4773 parte
1032 4697 1208 4759 domesticae

673 4782 767 4843 Vultu
789 4799 891 4843 sereno
912 4781 1075 4844 letbiiernm
1097 4786 1167 4844 mali
