3436 5416
627 376 649 434 l.
667 322 870 434 mathematica.

664 565 777 656 Caput
806 560 838 637 2:

136 704 188 764 De
210 705 370 776 subjecto
393 701 653 763 matbematices
675 700 819 776 ejusque
841 696 1055 778 dispensasse
1076 702 1355 762 consideratione.
1443 756 1447 766 ,
1499 717 1501 726 “

177 825 240 885 litei
262 828 291 884 ln
308 823 550 903 praecedentibus
564 824 636 880 satis
652 821 744 881 multa
767 820 804 881 de
827 821 961 897 subjecto
985 821 1072 897 bujns
1094 823 1238 882 scientiae
1257 821 1335 882 dicta
1357 830 1426 883 sunt

69 914 99 970 in
124 929 243 989 genere,
267 922 363 972 tamen
387 927 433 971 res
456 913 520 986 ipsa
542 911 670 984 requirit,
694 916 727 968 ut
742 909 790 969 lrio
804 909 963 985 objectioni
979 909 1065 968 alicui
1082 908 1317 986 respondeamus.
1353 911 1425 971 Dic-

69 1007 133 1058 tum
157 1001 235 1060 enim
259 1009 303 1060 eat
326 1015 424 1077 supra,
448 997 672 1057 matbematinen
693 996 806 1074 jactare
821 997 985 1073 subjectum
1001 996 1175 1070 universale,
1199 997 1255 1058 boe
1269 1006 1313 1056 est
1329 1005 1425 1058 aeter-

69 1103 142 1147 num
167 1095 196 1148 ei
219 1085 378 1147 immobile.
426 1085 465 1144 At
487 1093 632 1162 quotquot
654 1100 708 1143 nos
730 1087 760 1143 in
783 1085 869 1143 rebus
891 1086 1070 1161 quantitates
1094 1086 1247 1156 cernimus,
1272 1084 1340 1145 illae
1362 1089 1425 1144 sin-

68 1174 196 1253 gulaiim
229 1177 372 1236 intereunt
400 1189 465 1232 oum
488 1173 589 1244 rebus,
620 1188 690 1248 ergo
718 1172 881 1248 subjectum
910 1172 997 1231 laniet
1026 1173 1082 1231 sibl
1105 1171 1310 1233 mathematice
1333 1173 1424 1248 aliud,
1477 1209 1480 1219 ·
1551 1219 1552 1222 ,
1664 1177 1672 1186 ”
1706 1153 1708 1158 ’

68 1279 163 1340 quam
186 1261 240 1322 bas
264 1260 472 1322 insensilibus
495 1260 682 1336 quantitates.
713 1259 831 1334 linitque
854 1259 987 1318 fictitium
1003 1258 1141 1335 quiddam
1165 1267 1194 1317 et
1213 1262 1424 1336 imaginarium,

70 1351 119 1409 cui
143 1349 219 1408 nibil
242 1353 283 1408 rei
306 1349 415 1420 subsit,
447 1346 610 1424 eujusmodi
637 1350 817 1423 quantitates
847 1346 1047 1406 confinxerunt
1077 1346 1195 1422 quidam
1219 1365 1253 1405 er
1277 1351 1425 1408 veteribus

70 1436 268 1516 pbilosophis.
314 1435 487 1496 Aristoteles
510 1451 628 1512 quoque
650 1433 738 1493 XllI.
762 1433 833 1493 blot.
858 1451 921 1512 cap.
946 1441 974 1498 2.
996 1435 1110 1512 probat,
1134 1451 1179 1494 res
1203 1435 1424 1496 mathematicas

67 1523 152 1583 nullo
177 1524 264 1585 modo
288 1541 353 1584 esse
375 1530 527 1602 separatas
543 1541 560 1582 a
575 1522 741 1592 sensilibus,
765 1531 794 1581 et
815 1522 998 1600 reprehendit
1020 1523 1076 1582 hoe
1096 1524 1213 1582 nomine
1230 1529 1350 1596 veteres,
1374 1525 1425 1600 qui

66 1611 146 1672 baec
170 1610 299 1671 absurda
322 1611 530 1672 confinxerunt.
578 1611 616 1668 dt
639 1611 689 1686 qui
711 1609 919 1668 mathematica
947 1609 1049 1668 dieunt
1070 1617 1189 1668 eeiema
1211 1615 1241 1669 et
1263 1611 1427 1670 immobilia

67 1715 136 1759 esse
160 1709 190 1758 et
213 1699 293 1772 talia,
318 1697 484 1775 dequibus
507 1697 687 1757 universales
702 1699 879 1757 certissimae
895 1703 923 1756 et
938 1694 1140 1773 dpsrnnoqeon
1163 1697 1425 1759 demonstrationes

66 1785 174 1846 haberi
196 1789 319 1865 possint,
344 1788 461 1845 omnino
484 1783 591 1861 lingere
614 1785 756 1857 ridentur,
781 1783 1000 1845 mathematicas
1015 1801 1062 1842 res
1077 1801 1140 1843 esse
1156 1791 1307 1862 separatas
1322 1803 1341 1845 a
1355 1802 1425 1846 sen·

65 1873 188 1934 silibus.
234 1873 280 1932 sd
306 1874 380 1932 banc
404 1873 615 1932 dubitationem
636 1871 794 1950 respondet
808 1871 981 1934 Aristoteles
1002 1870 1105 1931 eodem
1120 1871 1208 1929 Xlll.
1224 1871 1295 1931 Met.
1312 1888 1376 1950 cap.
1394 1879 1423 1933 u.

68 1961 115 2020 bis
140 1962 213 2020 lere
228 1961 343 2021 verbis:
366 1977 433 2020 nam
449 1961 525 2019 sicut
540 1961 682 2034 contingit
705 1963 733 2016 ln
755 1959 950 2034 mathematis,
975 1969 1007 2018 ut
1029 1959 1193 2018 universale
1208 1959 1278 2034 quid
1302 1959 1425 2018 demon·

9 2061 10 2066 ’
67 2055 180 2108 stretur
209 2047 245 2108 de
274 2047 539 2124 magnitudinibus,
571 2048 718 2122 aquibus
742 2049 854 2106 numeri
877 2037 1085 2124 separati‘non
1113 2057 1197 2118 sunt,
1229 2053 1357 2108 attamen
1381 2050 1424 2108 sle

9 2213 10 2216 Ἴ
68 2135 104 2197 da
128 2137 386 2213 magnitudinibus
409 2135 629 2207 demonstretur,
655 2142 686 2192 ut
709 2140 804 2194 mente
824 2135 887 2210 jam
909 2151 1112 2194 removeamus
1134 2141 1296 2212 respectum
1318 2151 1424 2196 nume-

67 2241 187 2295 rorum,
219 2223 321 2283 eodem
349 2222 437 2282 modo
459 2222 585 2282 dubitari
609 2237 667 2281 non
690 2228 802 2298 potest,
832 2224 902 2297 quin
926 2222 985 2281 lieri
1008 2223 1116 2299 possit,
1141 2229 1173 2281 nt
1195 2223 1254 2280 sint
1276 2223 1363 2282 etlam
1387 2223 1423 2283 de

68 2309 230 2370 sensilibus
254 2309 504 2387 magnitudinibus
527 2311 684 2369 enunciata
706 2315 735 2368 et
757 2306 1018 2369 demonstrationes
1042 2309 1172 2386 aliquae,
1197 2325 1255 2367 nnn
1278 2317 1423 2386 quatenus

9 2463 11 2474 γ
68 2397 206 2469 sensiles,
230 2397 282 2458 sed
305 2405 450 2475 quatenus
471 2398 529 2456 hoc
551 2403 627 2468 sunt,
652 2396 731 2473 quod
754 2394 889 2456 dicuntur
910 2395 993 2476 (puta
1016 2394 1252 2474 magnitudines).

146 2488 149 2496 '
177 2483 430 2558 Quemadmodum
454 2487 531 2544 enim
551 2484 643 2543 multa
659 2483 694 2544 de
710 2485 796 2544 rebus
812 2483 1024 2561 praedicantur,
1049 2491 1193 2559 quatenus
1210 2484 1278 2543 illae
1295 2491 1424 2556 tanturn-

68 2571 159 2632 rnodc
185 2573 326 2647 mobiles,
357 2575 487 2650 seposita
515 2571 696 2650 singulorum
725 2573 869 2632 essentiae
899 2570 1152 2647 accidentiumque
1183 2570 1424 2646 consideratione,

8 2723 10 2734 Ι
69 2675 169 2734 neque
192 2659 260 2719 ideo
283 2676 402 2719 necesse
425 2667 479 2733 est,
502 2659 540 2730 id,
563 2657 643 2735 quod
667 2673 738 2718 voce
753 2658 870 2718 mobilis
886 2661 1063 2737 exprimitur,
1085 2667 1252 2736 separatum
1274 2657 1425 2736 quidesse

68 2765 87 2811 a
108 2746 286 2821 sensilibus,
315 2758 368 2806 ant
389 2749 478 2806 staini
502 2755 635 2806 naturam
662 2745 809 2822 quandam
838 2745 1058 2806 determinatam
1080 2749 1111 2805 ln
1138 2747 1294 2806 sensilibus
1317 2747 1423 2823 inesse,
1511 2753 1513 2762 ’

69 2833 174 2894 eodem
198 2832 286 2912 plane
308 2833 398 2894 modo
421 2837 509 2895 etiam
532 2833 568 2894 de
589 2833 749 2894 mobilibus
770 2833 864 2894 multa
887 2833 944 2894 dici
959 2842 1082 2913 possunt
1105 2843 1134 2894 et
1150 2835 1290 2894 scientiae
1313 2835 1423 2894 consti-

69 2923 121 2992 tui,
145 2937 207 2980 non
231 2929 377 2997 qnatenus
398 2920 529 2995 mobilia,
552 2921 605 2981 aed
627 2929 772 2997 quatenus
787 2929 838 2981 aut
853 2937 975 2998 corpora
990 2921 1191 2981 tantummodo
1207 2921 1422 2995 mathematica,

69 3021 119 3068 ant
142 3015 291 3085 quatenns
315 3009 417 3087 plana,
448 3017 500 3070 aut
527 3017 670 3085 quatenus
694 3009 805 3081 lineae,
836 3020 889 3068 aut
910 3017 1054 3085 quatenns
1077 3003 1224 3068 numerus.
1268 3009 1374 3085 Itaque
1396 3011 1421 3069 sl

8 3093 9 3096 ’
69 3113 171 3156 rerum
197 3096 293 3155 dicere
316 3095 456 3169 velimus,
485 3113 543 3155 non
567 3105 681 3156 tantum
704 3113 754 3168 ea,
784 3113 860 3172 quae
882 3099 1172 3174 separariposaunt,
1203 3099 1346 3168 existunt,
1369 3095 1422 3156 sed

8 3177 10 3184 ⁴
70 3187 160 3243 edam
179 3201 263 3258 ,quae
285 3201 343 3243 non
365 3191 499 3261 possunt,
523 3193 594 3261 puta
617 3191 646 3243 st
667 3182 787 3242 mobilia
810 3193 840 3242 et
862 3185 1068 3244 mathematica
1083 3191 1113 3244 et
1128 3186 1226 3243 omnia
1243 3183 1422 3260 huiusmodi.

70 3272 105 3330 Et
127 3271 222 3348 paulo
244 3277 327 3347 post:
351 3271 380 3328 in
397 3273 558 3346 geometria
579 3288 644 3331 eum
667 3273 764 3346 agitur
786 3269 822 3331 de
844 3271 890 3330 bis
911 3272 1008 3345 rebus,
1033 3272 1139 3347 quibus
1160 3271 1274 3345 accidit,
1300 3279 1332 3330 ut
1352 3289 1422 3332 sen·

69 3357 135 3417 eilia
158 3360 230 3430 sint,
253 3360 350 3432 agitur
371 3375 441 3419 reru
465 3357 502 3418 de
524 3361 562 3418 iis
584 3373 643 3418 non
657 3371 689 3418 ut
702 3357 868 3430 sensilibus,
893 3374 928 3419 ea
943 3359 999 3418 lrcc
1021 3375 1079 3418 non
1103 3361 1251 3434 sequitur,
1275 3365 1326 3418 ant
1348 3358 1421 3419 nibil

69 3463 157 3521 agere
181 3445 404 3506 mathematicas
425 3447 562 3506 scientias
586 3445 623 3506 de
645 3446 814 3519 sensilibus,
838 3455 969 3505 autnon
993 3463 1080 3522 agere
1102 3444 1138 3506 de
1161 3446 1317 3506 sensilibus
1339 3461 1423 3507 seor·

69 3535 133 3606 sim,
157 3535 246 3608 quusi
268 3532 328 3592 alia
349 3540 486 3610 separata
507 3535 575 3593 sint.
620 3533 714 3592 Multa
736 3549 863 3608 namque
892 3532 1031 3594 accidunt
1058 3534 1144 3594 rebus
1173 3533 1340 3610 hujusmodl
1371 3551 1423 3613 per

69 3638 100 3680 se
121 3623 222 3698 ipsas,
252 3627 397 3696 quatenns
420 3620 568 3696 quaelibet
590 3620 692 3680 barum
716 3623 824 3680 existit.
869 3621 954 3682 Aliae
978 3637 1103 3697 namque
1126 3630 1194 3682 sunt
1216 3621 1353 3680 animalis
1375 3622 1422 3683 ai·

68 3708 213 3768 lectiones
244 3715 391 3782 quatenns
421 3725 498 3780 mas,
529 3707 605 3770 aliae
635 3716 780 3784 quatenns
809 3707 941 3783 femella,
972 3725 1066 3784 neque
1095 3715 1192 3769 tamen
1216 3708 1264 3768 rel
1286 3725 1349 3768 mas
1373 3709 1422 3770 rel

69 3797 180 3857 lamina
201 3802 369 3872 separatum
391 3792 531 3871 quidest
552 3795 591 3856 ab
613 3795 800 3857 animalibus.
840 3795 889 3856 Sic
912 3799 1011 3872 itaque
1035 3797 1124 3856 etiam
1147 3797 1233 3856 rebus
1255 3795 1348 3856 multa
1370 3814 1422 3857 ae-

69 3883 179 3954 cidunt,
205 3889 349 3958 quatenus
372 3890 425 3942 ant
446 3881 646 3942 tantummodo
661 3883 777 3959 longae,
800 3894 853 3943 aut
867 3883 1068 3944 tantummodo
1081 3882 1170 3946 latae.
1201 3884 1312 3960 litque
1327 3885 1422 3960 magis

70 3969 105 4030 de
128 3970 278 4047 prioribus
302 3976 332 4028 et
353 3970 580 4047 simplicioribus
602 3973 708 4047 agitm,
731 3970 788 4030 hoc
802 3971 896 4048 major
918 3970 1066 4032 evidentia
1082 3973 1143 4030 erit.
1173 3971 1308 4048 Exempli
1322 3988 1422 4042 esum,

68 4056 234 4135 simplicius
258 4056 505 4118 considerabimus
527 4073 573 4117 res
595 4061 657 4119 sine
678 4057 888 4134 magnitudine,
912 4076 999 4135 quam
1015 4076 1079 4119 eum
1095 4058 1157 4132 illa,
1181 4062 1335 4138 praecipue
1351 4076 1421 4119 vero

68 4147 130 4204 sine
153 4151 247 4203 motu.
294 4143 331 4202 Ei
353 4153 464 4204 motum
487 4147 582 4223 ipsum
605 4149 630 4204 si
654 4145 885 4220 consideremus,
916 4156 977 4208 tum
999 4147 1124 4205 maxims
1154 4149 1277 4224 primum
1300 4155 1420 4222 motum,

70 4241 98 4292 et
119 4249 156 4290 ex
182 4233 277 4307 primo
299 4239 380 4292 moin
402 4231 649 4310 simplicissimus,
679 4235 729 4316 qui
752 4233 884 4310 aequalis
908 4241 960 4293 eet.
1005 4233 1116 4293 Eadem
1140 4243 1185 4293 est
1207 4235 1281 4294 ratio
1302 4234 1421 4294 harmo-

69 4322 147 4379 nicen
172 4326 204 4378 et
227 4320 348 4397 opticen.
378 4319 489 4379 Neutra
505 4322 581 4380 enim
596 4336 681 4380 suum
704 4322 878 4396 subjeetum,
901 4327 1045 4398 quatenus
1067 4322 1097 4381 id
1120 4329 1171 4381 aut
1193 4321 1292 4380 radius
1308 4323 1420 4382 risivus

70 4414 121 4466 ant
143 4422 205 4465 ror
227 4413 281 4480 est,
306 4406 480 4481 considerat,
503 4407 556 4467 sad
578 4415 723 4484 qnatenus
738 4407 811 4468 illud
825 4409 903 4468 linea
918 4418 971 4482 est,
994 4410 1067 4470 baec
1087 4427 1157 4470 vero
1172 4425 1317 4471 numerus.
1354 4408 1421 4468 Non

71 4497 146 4554 enim
171 4493 386 4572 contemplatur
407 4511 502 4571 neque
523 4495 599 4556 haec
620 4495 733 4556 radium
756 4498 904 4570 visorium,
928 4499 983 4558 nisi
998 4505 1142 4575 quatenns
1157 4496 1235 4556 linea
1250 4505 1302 4570 est,
1325 4513 1421 4573 neque

72 4581 125 4643 illa
148 4597 268 4655 rocem,
298 4583 354 4640 nisi
378 4590 523 4658 quatenus
552 4601 698 4643 numerus.
744 4582 810 4644 Hae
832 4588 909 4644 enim
937 4593 1006 4644 sunt
1026 4585 1142 4644 illorum
1165 4585 1309 4660 genuinae
1331 4584 1422 4644 adoe-

72 4670 178 4729 tioues.
226 4668 275 4728 Sic
298 4677 327 4729 et
349 4671 527 4731 mechaniee.
559 4670 663 4747 Itaque
686 4673 800 4748 siquis
824 4672 860 4732 de
883 4673 990 4732 talibus
1019 4680 1088 4748 agat
1111 4679 1250 4747 tanquam
1273 4669 1310 4731 de
1333 4683 1421 4750 sepas

72 4760 142 4816 ratis
166 4755 206 4816 ab
228 4755 296 4816 aliis
319 4756 527 4833 accidentibus,
551 4768 580 4819 et
603 4765 749 4835 quatenus
771 4759 843 4819 talia
865 4769 941 4833 sunt,
965 4761 990 4819 is
1012 4762 1040 4817 in
1063 4757 1173 4818 nullum
1198 4765 1352 4836 propterea
1373 4777 1422 4821 er·

72 4861 166 4910 rorem
190 4841 308 4920 incidet,
330 4846 407 4912 sieut
428 4862 525 4926 neque
546 4854 624 4924 tunc,
648 4863 713 4907 eum
735 4848 765 4906 in
788 4846 890 4909 tabula
911 4846 1017 4909 lineam
1033 4849 1126 4928 pingit
1141 4863 1264 4934 eamque
1286 4846 1421 4934 pedalem
