3436 5416
299 310 362 379 146
658 309 831 368 causamn
849 328 882 368 a
900 309 1037 367 coarctans
1055 278 1289 368 caresianam
1397 347 1401 353 s

403 492 445 547 td
463 492 531 548 haec
550 492 720 562 licplerus
743 495 895 565 respondit:
922 493 967 551 De
990 491 1162 571 compendio
1186 491 1392 550 mathematico
1415 485 1495 564 quod
1522 487 1652 561 quaeris,

297 580 392 638 minus
423 577 492 636 mihi
523 596 611 653 quam
638 579 690 637 tibi
724 578 857 654 displicet
879 579 1030 639 consilium
1056 579 1234 657 Dasypodii,
1267 581 1316 654 qui
1340 595 1375 637 ex
1398 575 1535 636 omnibus
1558 572 1653 631 disci·

237 687 242 697 ¹
296 667 385 744 plinis
401 665 617 724 mathematicis
631 667 799 743 antiquitati
817 670 939 742 cognitis
955 671 1169 744 propositiones
1186 667 1286 742 lingua
1308 665 1521 742 proprietatis,
1544 677 1655 736 graeca

296 756 440 825 nimirum,
464 754 578 813 censuit
592 753 807 829 proponendas.
827 754 912 813 ·Nam
928 756 1187 815 demonstrationes
1203 752 1308 813 addere
1324 770 1381 810 non
1405 759 1450 809 est
1473 745 1653 824 compendii,

29 887 46 921 q
209 885 214 892 1
297 841 451 901 transiens
475 858 543 899 vero
568 841 781 916 propositiones
795 841 832 899 ad
857 861 950 915 usum,
974 845 1113 915 exercitii,
1136 859 1193 900 non
1217 844 1373 900 memoriae
1397 839 1554 897 verborum
1578 851 1656 893 con·

30 932 72 995 cl
143 940 145 947 ’
255 935 457 1004 ‘ceptorum
489 928 640 986 Estnunc
664 924 761 986 Odere
786 930 966 989 Francolurti
991 934 1019 987 in
1043 931 1176 989 manibus
1200 926 1295 988 Ursini
1320 926 1547 1003 diatyposis
1570 939 1655 980 mea

297 1015 527 1093 systematis
550 1014 858 1095 mathematicos,
890 1020 918 1075 in
941 1020 1136 1076 minutissima
1159 1017 1287 1075 membra
1311 1023 1415 1086 sectae,
1441 1022 1475 1071 ut
1498 1012 1654 1070 materiam

299 1105 437 1162 exercitio
467 1100 576 1176 logices
606 1102 791 1177 suppeditare
814 1108 915 1179 possit.
961 1105 1083 1164 Tabulis
1115 1111 1151 1163 10
1177 1105 1379 1178 continuisque
1407 1101 1444 1159 ab
1475 1117 1534 1157 uno
1565 1097 1655 1155 titulo

298 1190 508 1249 bisectionibus
533 1187 578 1248 vel
601 1191 817 1249 trisectionibus
840 1210 892 1267 per
907 1208 1007 1251 omnes
1031 1192 1246 1267 disciplinarum
1271 1190 1384 1248 iliarum
1407 1190 1536 1246 omnium
1555 1193 1654 1261 partes

297 1277 475 1353 explicatur,
508 1285 539 1335 ut
567 1275 617 1334 tila
639 1295 690 1352 per
713 1277 896 1336 latitudinem
927 1279 987 1336 lolii
1011 1281 1122 1339 arborei
1155 1277 1325 1337 ramusculis
1355 1278 1415 1334 suis
1440 1273 1655 1332 diffunduntur.

297 1363 365 1423 Hae
389 1363 505 1422 tabulae
529 1362 645 1422 additae
663 1365 873 1442 Dasypodiano
890 1370 1040 1443 systemati
1056 1366 1276 1425 mathematicas
1299 1367 1509 1423 connexionem
1534 1371 1565 1419 et
1582 1377 1654 1433 cog·

298 1455 446 1510 nationem
469 1451 653 1510 ostenderent
676 1469 785 1523 corum,
810 1472 887 1528 quae
910 1462 977 1513 sant
1000 1456 1029 1512 in
1053 1454 1103 1512 iiio
1127 1455 1213 1530 quasi
1235 1451 1377 1511 dissoluta
1400 1460 1451 1510 aut
1466 1449 1654 1524 cognationis

68 1532 103 1569 '⁸'
187 1562 188 1567 ’
298 1537 440 1613 graduum
472 1539 720 1612 ¹¹⁰1tm³¹tisttltu
763 1539 821 1607 Sed
845 1542 918 1615 repit
941 1541 1014 1604 lraec
1042 1560 1109 1602 mea
1130 1549 1244 1601 textura
1274 1557 1325 1615 per
1347 1554 1446 1597 omnes
1469 1537 1654 1595 subtilitates

298 1625 489 1684 Harmonices
513 1636 541 1684 et
557 1626 710 1700 Epitonrae
726 1644 818 1698 meae,
843 1644 937 1703 eoque
952 1646 1040 1704 supra
1056 1636 1172 1705 captum
1189 1644 1342 1704 puerorum
1357 1623 1528 1703 suppeditat
1550 1621 1654 1680 multa.

299 1712 395 1772 Velim
427 1724 522 1771 tamen
550 1711 587 1770 sd
617 1730 721 1785 rannus
748 1713 900 1785 lachetem,
933 1724 984 1776 tuo
1016 1715 1043 1772 id
1067 1717 1187 1774 arbitrio
1215 1716 1410 1791 permitterem
1437 1709 1656 1779 excudendum,

260 1869 262 1879 Ι
299 1802 386 1859 etiam
418 1801 454 1859 ad
478 1800 553 1858 alios
577 1818 664 1876 quem
697 1811 809 1859 vestros
838 1802 976 1861 classicos
1006 1820 1093 1875 usus;
1125 1818 1191 1860 nam
1214 1797 1337 1860 Ursinus
1366 1802 1581 1876 tergiversatur
1605 1803 1656 1854 aut

219 1945 245 1959 Χ,
297 1897 428 1963 tempora
451 1890 546 1964 ipsum
570 1896 727 1946 morantur.
773 1887 878 1947 Habeo
902 1899 931 1949 ct
954 1892 981 1945 in
1006 1890 1140 1948 manibus
1163 1887 1259 1949 Ursini
1285 1891 1446 1947 versionem
1470 1885 1655 1963 Hypotypo·

297 1993 368 2035 seon
383 1974 479 2034 Procli
501 1977 775 2050 astronomicarum
799 1973 828 2032 id
852 1983 881 2035 et
901 1977 1085 2051 antiquitatis
1108 1976 1247 2035 honorem
1271 1976 1368 2047 habet,
1393 1982 1421 2034 et
1444 1971 1654 2050 compendium

298 2070 343 2122 cst
365 2065 395 2130 in
418 2061 620 2123 Ptolemaeum
644 2079 738 2137 eoque
761 2079 813 2139 pro
836 2062 929 2127 classe
951 2063 1098 2132 solidioris
1123 2063 1226 2139 judicii
1248 2065 1327 2131 loire
1345 2080 1405 2131 sou
1426 2060 1547 2122 maium.
1598 2056 1656 2117 Sed

296 2148 415 2208 libellus
440 2151 502 2225 ipse
526 2148 924 2226 hypothesiuntl’tolerusei,
949 2168 1022 2226 quas
1045 2162 1111 2228 post
1128 2151 1336 2225 binaugestum¹
1354 2151 1479 2226 scripsit,
1503 2146 1606 2206 editus
1628 2148 1657 2202 in

298 2235 408 2312 Anglia
430 2256 448 2299 a
471 2235 676 2311 Bainbridgio,
709 2235 828 2295 deberet
849 2237 984 2313 adjungi,
1008 2240 1031 2296 si
1057 2256 1122 2296 cum
1145 2239 1263 2297 licentia
1287 2236 1466 2315 typographi
1487 2234 1572 2293 illius
1596 2232 1659 2292 ficri

297 2330 405 2400 posset
450 2320 530 2397 Quid
553 2340 623 2380 vero
644 2325 668 2380 si
692 2323 753 2394 tibi,
777 2333 810 2381 ut
830 2324 919 2398 jocer,
945 2327 1160 2384 astronomiam
1184 2343 1279 2384 meam
1304 2325 1457 2393 hunarem,
1481 2339 1536 2382 scu
1560 2339 1659 2399 appa·

298 2412 459 2468 rentiarum
479 2406 647 2468 coelestium
672 2411 701 2466 in
725 2409 809 2468 Luna
831 2411 1007 2486 subjiciam?
1045 2410 1121 2471 Sane
1145 2415 1193 2488 qui
1218 2412 1353 2490 pellimur
1374 2411 1487 2483 Terris,
1513 2411 1658 2467 viaticum

299 2497 357 2554 hoc
379 2495 521 2556 conducet
551 2498 801 2572 peregrinantibus
824 2507 875 2555 aut
898 2499 1089 2575 migrantibus
1118 2503 1146 2557 in
1171 2499 1293 2559 Lunam.
1338 2499 1373 2556 Ei
1397 2496 1497 2556 libello
1522 2495 1659 2571 adjungo

299 2582 489 2642 Plutarchum
519 2580 555 2641 de
578 2583 652 2644 secie
677 2582 793 2653 Lunae,
825 2603 938 2644 versum
962 2605 979 2644 a
1002 2603 1048 2645 me
1071 2588 1108 2645 de
1130 2604 1225 2659 novo,
1249 2604 1284 2646 ex
1309 2587 1455 2664 plerisque
1480 2585 1599 2644 lacunis
1624 2599 1658 2641 er

299 2687 386 2730 sensu
410 2670 599 2745 integratum,
624 2670 702 2747 quod
726 2670 896 2749 Xylandro,
913 2676 970 2750 'qui
994 2674 1172 2752 professione
1196 2682 1461 2745 astronomus‚non
1485 2681 1564 2745 erat,
1602 2673 1660 2728 im-

299 2757 439 2837 possibile
463 2758 525 2816 tuit.
569 2755 623 2837 (Ex
647 2757 737 2817 literis
761 2758 787 2816 d.
813 2758 922 2836 Segani
946 2770 1033 2838 posti.
1059 2760 1120 2820 Cal.
1144 2761 1230 2823 Mart.
1256 2760 1343 2838 Greg.
1368 2762 1436 2820 anni
1464 2758 1576 2835 1629.)

403 2845 489 2902 Panlo
508 2853 571 2915 post
591 2848 646 2915 tto.
665 2848 746 2917 apr.)
774 2850 867 2903 scribit
884 2850 1032 2920 Keplerus:
1058 2847 1104 2906 Ad
1120 2848 1333 2925 Tampachium
1349 2851 1413 2915 arisi
1438 2847 1557 2909 tabulas
1586 2851 1603 2903 ῖ
1623 2843 1661 2904 sd

299 2939 429 3008 systema
452 2930 689 2990 mathematicum
714 2932 925 3007 conducentes,
949 2943 978 2993 et
999 2936 1063 2993 misi
1087 2953 1123 2995 aa
1146 2936 1329 3008 conditione,
1352 2943 1387 2993 ut
1408 2937 1433 2994 si
1457 2934 1530 2993 velit
1551 2934 1661 3010 impri-

300 3027 369 3091 mat,
394 3035 514 3079 monens
538 3026 645 3090 tamen,
670 3028 701 3076 ut
724 3019 847 3079 consilia
870 3030 964 3080 tecum
988 3024 1190 3094 communicet,
1215 3025 1286 3098 quia
1308 3032 1440 3100 systema
1462 3020 1661 3098 Dasypodis-

295 3122 365 3163 num
388 3122 502 3164 rursum
524 3105 746 3181 imprimendum
769 3109 820 3178 sit,
853 3115 884 3165 ut
907 3111 1020 3184 possint
1043 3108 1179 3186 conjungi
1202 3119 1232 3169 et
1254 3110 1482 3187 allegationibus
1512 3109 1661 3184 coaptari.

295 3195 348 3250 Die
367 3195 411 3249 22.
430 3194 496 3249 Julii
514 3193 597 3249 refert
616 3195 751 3264 Keplerns
769 3198 957 3266 Berneggcro,
976 3198 1095 3253 Tabulas
1115 3215 1180 3255 suas
1198 3203 1353 3270 synopticas
1378 3201 1533 3270 systematis
1551 3199 1662 3253 mathe

295 3273 387 3328 malici
406 3273 545 3341 accepisse
563 3273 772 3343 Tampachium,
797 3277 927 3344 scribere,
954 3293 984 3331 se
1003 3279 1166 3349 Bemeggeri
1189 3295 1269 3333 usum
1287 3279 1415 3348 consilio,
1443 3278 1477 3333 ad
1501 3294 1583 3349 quern
1601 3278 1663 3345 jam

300 3350 416 3419 scribat,
441 3350 510 3405 velie
535 3365 582 3405 ces
600 3352 761 3420 imprimere.
797 3354 901 3407 Deinde
920 3354 945 3407 d.
968 3356 1006 3409 ta.
1027 3356 1107 3410 Febr.
1130 3357 1208 3413 1630:
1237 3355 1409 3433 Diatyposis
1427 3364 1459 3413 ut
1468 3352 1592 3433 placet?
1611 3352 1659 3410 Aa

299 3452 414 3506 censes,
448 3435 514 3492 usui
544 3435 669 3492 loturam
699 3435 796 3494 studio
819 3436 1021 3514 philosophico
1045 3439 1168 3497 vestro?
1204 3442 1267 3518 ligo
1291 3458 1348 3499 non
1373 3441 1461 3501 veiim
1492 3440 1576 3500 aliter
1603 3442 1662 3497 im·

298 3523 392 3599 primi,
418 3522 473 3579 nisi
498 3537 562 3578 cum
587 3521 806 3599 Dasypodianis
830 3542 845 3582 e
868 3528 980 3599 graecis
1004 3524 1137 3600 adjectis,
1160 3527 1251 3586 literis
1274 3520 1519 3607 respondentibus
1542 3527 1662 3588 utrobi-

298 3625 365 3684 que.
411 3608 449 3666 Et
473 3614 540 3666 tunc
564 3611 707 3666 mitterem
731 3608 943 3670 dedicationem
967 3611 1144 3672 Hoeleldero
1168 3615 1303 3690 Eslingae
1327 3617 1502 3677 taciendam.
1558 3686 1560 3690 ,

402 3698 512 3768 Octobri
533 3698 649 3768 deniqne
668 3700 731 3755 enni
753 3700 819 3755 tuto
837 3700 931 3768 Lipsia
948 3702 1085 3773 Koplerns
1104 3704 1190 3763 eidem
1213 3708 1340 3766 nunciat:
1364 3701 1662 3782 SynopsirriDBart·

299 3781 397 3842 schius
421 3799 504 3840 meus
527 3782 565 3841 ad
589 3801 634 3842 me
659 3782 765 3854 retulit,
790 3792 936 3858 causatus,
961 3787 1064 3850 excudi
1087 3806 1144 3847 non
1162 3805 1258 3866 posse,
1281 3794 1338 3850 nisi
1363 3794 1524 3854 etiamnum
1548 3789 1662 3850 descri-

298 3868 400 3942 batur,
436 3876 644 3946 praetereaque
675 3869 807 3928 inutilem
834 3870 980 3945 juventuti
1012 3876 1066 3933 nisi
1091 3874 1276 3952 explanetur,
1306 3878 1449 3950 lauturus,
1482 3879 1539 3936 nisi
1563 3878 1660 3948 iailor,

298 3954 376 4015 idem
401 3955 532 4028 Euclidi,
563 3955 682 4034 Pappo,
707 3957 879 4037 Apollonio,
905 3960 1061 4032 Alitaceni,
1089 3980 1156 4021 nam
1179 3965 1336 4040 impatiens
1360 3975 1404 4025 est
1427 3966 1521 4025 lector
1545 3964 1661 4024 talium.

297 4041 418 4117 Posset,
442 4047 469 4102 si
491 4043 593 4117 vellet,
617 4062 665 4103 me
688 4045 809 4103 absente
832 4045 974 4105 excudere
998 4049 1025 4105 in
1051 4051 1263 4127 typographeio
1287 4053 1468 4129 Saganensi,
1500 4052 1555 4113 sed
1579 4061 1661 4131 puto,

297 4147 396 4190 meum
419 4139 571 4206 exspectat
592 4128 727 4190 reditum.

404 4221 539 4291 chlerus
558 4221 694 4288 Saganam
720 4238 773 4276 non
792 4223 884 4291 rediit,
907 4232 993 4278 morte
1016 4225 1146 4295 abreptus
1165 4230 1320 4298 repentina,
1349 4247 1410 4285 cum
1430 4231 1474 4285 rix
1493 4231 1663 4296 advenisset,

297 4300 464 4355 Ratisbonac
482 4299 559 4354 initio
572 4301 671 4354 mensis
684 4300 844 4355 Novembris
863 4317 934 4355 anno
957 4303 1030 4359 1630.
1060 4303 1188 4370 Tabulas,
1208 4324 1276 4376 ques
1295 4309 1321 4362 in
1335 4309 1494 4378 praemissis
1508 4310 1577 4366 dicit
1590 4310 1662 4380 Kep-

299 4379 373 4435 lems
392 4378 557 4449 synopticas,
576 4394 630 4432 non
650 4377 878 4445 deprehendimus
896 4378 967 4434 inter
984 4384 1167 4452 manuscripta
1180 4383 1382 4455 Pnilroviensia,
1403 4387 1450 4444 sed
1472 4389 1572 4459 multa,
1593 4403 1665 4458 quae

300 4457 465 4527 conscripsit
482 4457 560 4526 qussi
578 4473 745 4526 praeparans
765 4458 934 4525 opuseulum.

402 4537 434 4589 In
453 4537 486 4589 iis
505 4551 574 4603 qnae
593 4544 745 4602 sequuntur
767 4550 890 4602 quaeque
913 4535 1070 4606 collegimus
1089 4554 1123 4592 ex
1143 4540 1255 4596 diversis
1268 4545 1530 4614 ,manuscriptorum
1549 4545 1661 4601 volumi·

299 4612 379 4666 nibus
391 4613 491 4679 partim
509 4611 590 4679 plana
608 4611 729 4680 perlecta
743 4618 772 4665 et
783 4612 860 4678 qussi
880 4612 913 4665 ad
932 4620 1024 4682 typum
1043 4626 1213 4685 praeparata.
1232 4623 1332 4688 partim
1350 4620 1525 4691 imperfecta,
1545 4623 1662 4679 elucebit

300 4688 497 4758 quadantenus
516 4704 625 4761 scopus,
645 4704 725 4757 qnam
744 4688 796 4743 sibi
814 4691 1149 4761 proposuerntKeplerus.
1175 4697 1337 4753 Addidimus
1356 4700 1471 4770 insuper
1488 4700 1562 4761 alios
1582 4719 1661 4758 cona·
