3436 5416
617 385 638 442 1.
660 337 874 443 Mathematioa.¹
1240 397 1244 402 “
1349 377 1412 454 153

58 571 90 626 ct
114 581 177 642 quo
200 571 287 642 pacto
310 567 489 644 quantitates
513 568 572 627 siut
595 563 750 628 infinitae?
787 567 944 630 Sciendum
966 569 1075 644 itaque,
1099 563 1254 644 dupliciter
1276 531 1430 627 couside-¹

43 657 119 714 ‘rari
142 653 297 727 inlinitum,
321 663 372 714 sut
394 663 462 716 actu
484 661 536 715 aut
557 657 690 731 potentia
711 653 778 736 (ΙΙΙ.
801 657 855 716 Pb.
879 673 903 716 c.
922 663 950 716 4.
968 661 997 715 et
1013 656 1067 730 6.).
1110 654 1184 714 Nam
1209 671 1308 728 omne,
1332 652 1411 730 quod
1503 698 1507 708 .

57 757 129 802 esse
154 741 268 815 dicitnr,
291 749 343 802 aut
365 751 432 802 actu
455 751 573 803 estant
595 745 728 818 potentia
745 743 813 822 (ΙΙΙ.
831 743 884 802 Pb.
904 750 932 804 1.
949 751 978 804 et
994 741 1044 822 6.).
1074 741 1149 801 Actu
1173 741 1316 800 inlinitum
1333 739 1412 817 quod

56 832 177 901 attinet,
201 845 341 903 negamus
363 847 429 890 oum
453 829 609 889 Aristotele
632 830 707 889 libro
730 831 784 889 ΙΙΙ.
801 830 854 894 Pb.
880 847 943 908 cap.
961 835 1001 904 b,
1026 829 1115 890 ullam
1138 847 1201 890 esse
1224 839 1290 888 acto
1313 828 1412 888 inlini-
1457 845 1465 860 ·

7 971 11 986 ,
56 925 126 976 tam
152 919 354 992 quantitatem,
377 935 471 995 neque
486 917 623 978 sensilem
646 934 741 993 neque
763 919 994 994 intelligibilem
1018 917 1069 978 ssd
1084 933 1179 994 neque
1199 934 1348 976 numerum
1363 915 1412 974 ul-

54 1005 133 1075 lum,
160 1008 346 1079 quantumvis
368 1011 542 1084 separatum,
566 1008 737 1082 cogitemus.
782 1006 926 1065 Numerus
950 1007 1026 1066 enim
1050 1008 1157 1077 omnis,
1188 1005 1304 1078 antid,
1333 1003 1412 1082 quod
1436 999 1438 1007 ’

56 1109 215 1150 numerum
238 1092 336 1164 babet,
360 1111 395 1152 eo
418 1097 483 1169 ipso
503 1091 683 1152 numerabile
706 1101 760 1167 est,
784 1096 883 1171 itaque
905 1097 928 1153 si
944 1100 1042 1171 potest
1056 1091 1236 1154 numerabile
1257 1094 1410 1166 numerari,
1520 1165 1523 1176 ι

56 1181 171 1256 poterit
193 1182 280 1238 etiam
304 1183 444 1258 permeari
468 1179 620 1252 infinitum,
645 1180 724 1256 quod
747 1182 905 1241 absurdum
929 1189 973 1242 est
995 1181 1147 1240 affirmare.
1194 1179 1290 1254 Quare
1313 1179 1409 1240 nullus

57 1283 202 1326 numerus
225 1276 292 1326 actu
316 1268 444 1327 infinitus
468 1276 520 1328 est.
566 1265 624 1328 Sed
648 1267 727 1344 quod
750 1269 787 1329 ad
810 1269 970 1345 potentiale
992 1269 1134 1326 inlinitum
1159 1271 1271 1341 attinet,
1294 1266 1324 1326 id
1348 1285 1412 1326 om-

56 1358 133 1414 nino
158 1360 188 1412 et
210 1357 387 1415 innumeris
411 1363 441 1416 et
462 1355 491 1415 in
514 1354 765 1432 magnitudinibus
786 1358 875 1431 inest,
895 1375 931 1416 ea
946 1364 1043 1416 tamen
1065 1355 1236 1428 differentia,
1260 1355 1411 1430 quaejam

58 1442 269 1519 explicabitur.
314 1443 387 1502 Cum
411 1444 469 1503 duro
492 1446 551 1502 siut
573 1443 651 1502 modi
675 1444 844 1520 potentialis
868 1446 1026 1517 infinitatis,
1051 1461 1125 1502 unus
1147 1459 1199 1520 per
1221 1441 1410 1514 additionem,

7 1593 9 1598 ,
57 1531 137 1588 altar
159 1545 211 1606 per
234 1529 407 1590 divisionem
429 1530 497 1609 (ΙΙΙ.
520 1531 575 1592 Pb.
600 1548 664 1606 cap.
682 1538 711 1590 4.
730 1531 781 1608 6.),
805 1531 853 1591 hic
876 1530 993 1608 quidem
1015 1533 1194 1600 innumeris,
1219 1529 1268 1589 ille
1282 1531 1312 1587 in
1328 1547 1412 1606 mag·

57 1617 246 1675 mitudinibos
268 1617 365 1676 locum
387 1619 485 1680 habet.
516 1617 589 1677 Nam
614 1619 668 1677 etsi
691 1624 784 1677 omnis
807 1623 955 1694 quantitas
979 1628 1023 1679 est
1038 1617 1167 1692 dividua,
1192 1619 1220 1674 in
1244 1617 1411 1677 hortamen

58 1703 163 1764 differt
184 1706 322 1765 continua
345 1724 363 1764 a
385 1707 525 1779 discreta,
554 1705 632 1781 quod
655 1714 754 1780 partes
777 1710 904 1765 conmuni
929 1706 1015 1766 divisi
1038 1723 1151 1783 semper
1174 1711 1293 1764 manent
1316 1706 1411 1764 eonti-

59 1809 152 1864 nnae,
178 1791 233 1851 boc
256 1801 299 1851 est
323 1792 475 1864 dividuae,
500 1801 531 1852 at
552 1802 650 1870 partes
674 1792 759 1852 divisi
782 1796 894 1853 numeri
917 1795 973 1852 olto
998 1793 1089 1853 dividi
1111 1794 1236 1870 amplius
1258 1809 1316 1851 non
1339 1811 1411 1869 pos-

57 1889 140 1939 sunt.
188 1877 243 1938 His
274 1881 351 1939 enim
381 1897 434 1940 cerr
465 1885 616 1940 bonuariis
646 1879 815 1941 differentiis
846 1880 1021 1940 deliniuntur
1050 1880 1236 1955 magnitudo,
1267 1897 1342 1954 quas
1373 1882 1412 1939 sit

58 1956 186 2026 dividua
209 1970 238 2024 in
262 1983 375 2044 semper
397 1967 573 2040 divisibilia,
595 1984 733 2028 numerus
757 1985 842 2040 vero,
867 1970 916 2045 (lui
939 1971 977 2027 sit
1000 1968 1136 2028 dividuus
1159 1971 1188 2026 in
1211 1966 1410 2042 indivisibilis,

58 2062 93 2112 nt
125 2053 201 2112 locis
231 2051 361 2130 plurimis
393 2055 521 2116 inculcat
547 2054 735 2130 Aristoteles,
771 2072 893 2134 quorum
922 2058 1102 2116 notationem
1137 2057 1290 2116 brevitatis
1323 2070 1412 2116 causa

57 2143 242 2201 omittamus.

58 2318 231 2377 continuas.
277 2316 352 2376 Naro
374 2320 398 2376 si
421 2317 527 2377 alicubi
556 2326 673 2394 propter
702 2320 877 2394 parvitatem
906 2318 1114 2394 particularum
1143 2323 1270 2377 cessaret
1296 2313 1421 2392 divisio,

57 2413 243 2479 sequeretur,
268 2403 388 2480 aliquod
411 2407 578 2466 continuum
601 2423 637 2465 ex
660 2405 868 2464 insanabilibus
891 2414 1033 2478 constare,
1056 2404 1136 2484 quod
1158 2412 1203 2464 est
1225 2411 1326 2463 contra
1342 2419 1414 2463 oon·

57 2494 136 2565 tinui
160 2499 295 2550 naturam
319 2501 348 2551 et
371 2490 576 2552 definitionem.
616 2492 741 2551 Rursum
765 2499 800 2551 ex
823 2511 859 2552 eo
881 2496 1061 2570 perspicitur,
1085 2495 1114 2550 in
1136 2494 1263 2551 numeris
1285 2508 1344 2550 non
1367 2494 1414 2550 in-

58 2597 127 2640 esse
159 2578 236 2637 bane
268 2578 427 2637 ablationis
455 2587 484 2639 et
514 2580 666 2639 divisionis
689 2579 878 2651 infinitatem,
911 2583 980 2656 quia
1008 2584 1104 2640 unitas
1134 2587 1178 2639 est
1205 2581 1355 2638 minimum
1384 2581 1413 2636 in

57 2681 193 2737 numero,
217 2665 296 2740 quod
320 2665 412 2724 dividi
435 2667 560 2743 amplius
583 2682 640 2725 non
663 2675 769 2742 potest.
815 2668 852 2726 Et
872 2667 1013 2727 hactenns
1037 2667 1073 2727 ds
1096 2667 1207 2726 infinito
1230 2669 1258 2724 iu
1282 2667 1414 2742 potentia

57 2769 114 2830 por
136 2752 322 2812 divisionem.
367 2751 436 2812 Jam
460 2754 495 2814 de
518 2754 630 2813 infinito
658 2757 687 2810 in
711 2757 843 2830 potantia
865 2771 916 2831 per
944 2755 1121 2815 additionem
1144 2755 1234 2831 probo
1257 2752 1413 2812 tenendum

58 2847 116 2911 est,
140 2839 172 2898 id
195 2839 329 2899 bilariam
352 2839 537 2915 considerari,
561 2850 611 2902 ant
635 2844 711 2900 enim
736 2841 787 2900 illa
801 2843 933 2918 potentia
947 2850 1077 2906 nostrum
1094 2841 1272 2904 intellectum
1286 2841 1412 2917 respicit,
1472 2899 1475 2913 ,

7 2969 8 2972 ,
59 2935 90 2986 et
114 2929 159 2986 sic
181 2943 239 2986 nou
264 2933 376 2988 tantum
399 2931 504 3003 quovis
532 2945 667 3002 numero,
697 2927 749 2987 sed
772 2935 802 2988 at
824 2931 928 3005 quavis
950 2931 1150 3006 magnitudine
1178 2928 1272 3005 major
1299 2945 1413 3004 semper

59 3015 186 3089 cogitari
213 3023 312 3090 potest
342 3019 369 3073 in
394 3015 536 3076 inlinitum
565 3031 673 3092 usque;
706 3015 735 3073 id
766 3017 884 3092 quidem
911 3020 995 3078 initio
1026 3034 1145 3093 qnoque
1166 3031 1335 3076 concessum
1359 3022 1412 3088 est,

140 2229 212 2288 'Ex
235 2245 295 2305 quo
316 2230 441 2306 perspici
462 2237 576 2307 potest,
608 2229 755 2307 quomodo
779 2230 922 2290 inlinitum
944 2229 1097 2290 divisionis
1119 2228 1233 2290 aecidat
1256 2229 1412 2305 quantitati
1520 2187 1547 2244 .'
1610 2217 1705 2242 ’

59 3101 113 3162 sed
137 3103 187 3161 hio
209 3102 312 3160 modus
333 3119 392 3160 uon
414 3112 459 3163 est
481 3104 569 3180 hujus
590 3103 648 3162 loci
670 3106 814 3179 proprius.
860 3105 920 3163 Aut
948 3107 1066 3181 respicit
1094 3103 1145 3162 illa
1173 3105 1304 3182 potentia
1327 3101 1412 3162 addi·
1523 3117 1584 3190 „i
1648 3057 1711 3204 ’ᾗ

7 3179 8 3270 J
59 3191 153 3248 tionis
179 3191 245 3265 ipsa
267 3189 395 3258 sensilia,
421 3199 450 3248 et
472 3197 541 3250 tunc
563 3197 652 3266 negat
674 3190 847 3250 Aristoteles
871 3190 937 3270 (ΙΙΙ.
959 3193 1014 3252 Pb.
1038 3209 1064 3252 c.
1082 3189 1130 3272 7.),
1154 3190 1190 3250 (Ιε
1214 3189 1412 3264 magnitudine

60 3276 224 3352 cujuslibet
245 3277 451 3352 magnitudinis
474 3277 610 3338 delinitae
629 3295 784 3337 excessum
815 3281 878 3338 sive
901 3279 1078 3339 additionem
1108 3297 1173 3340 esse
1194 3295 1292 3354 posse.
1338 3277 1411 3337 Nam

60 3367 86 3422 si
111 3363 348 3439 concederemus,
370 3363 461 3426 ullam
483 3383 543 3424 rem
567 3375 705 3441 quantam
727 3381 816 3441 posse
839 3382 902 3425 asse
924 3368 1054 3428 infinitae
1078 3367 1162 3426 molis
1185 3375 1214 3425 et
1236 3367 1314 3423 omni
1331 3367 1414 3442 cogi·

60 3454 176 3510 tatione
199 3451 354 3526 majorem,
386 3462 463 3513 esset
485 3461 513 3512 et
536 3452 591 3513 boc
614 3452 844 3525 concedendurn,
869 3454 948 3529 quod
971 3454 1038 3514 talis
1061 3454 1153 3514 molcs
1176 3471 1206 3512 rs
1229 3469 1301 3511 vera
1323 3456 1362 3512 sit
1384 3457 1414 3512 in

60 3548 181 3598 natura.
227 3541 267 3596 At
289 3539 361 3598 nibil
385 3543 415 3598 in
437 3549 541 3599 natura
563 3548 629 3599 actu
652 3539 796 3598 infinitum
820 3547 879 3612 est,
912 3557 981 3618 ergo
1012 3543 1261 3618 aequepotentia
1284 3537 1414 3600 additio-

60 3628 145 3686 uaria
174 3627 332 3702 quicquam
354 3627 497 3687 inlinitum
525 3644 589 3686 esse
613 3626 829 3686 concedendum
861 3634 905 3687 est
926 3631 956 3687 in
980 3633 1184 3690 continuorum
1206 3643 1321 3702 genere.
1367 3628 1413 3688 De

58 3729 184 3772 numero
207 3730 278 3772 vero
299 3723 376 3774 recte
399 3718 441 3775 ait
463 3714 644 3788 Aristoteles,
668 3717 747 3774 eunti
770 3715 808 3773 ad
831 3715 1027 3791 pluralitatem
1050 3717 1093 3794 (id
1115 3725 1159 3777 est
1181 3713 1348 3792 procedenti
1365 3717 1414 3776 via
1527 3749 1530 3764 i

60 3798 246 3872 additionis),
270 3817 384 3878 semper
407 3812 436 3862 et
457 3806 486 3860 in
511 3801 654 3861 infinitam
678 3818 792 3862 ornnem
815 3807 945 3879 superari
968 3821 1056 3881 posse
1079 3803 1304 3864 multitudinem.
1456 3872 1460 3883 ,

167 3887 272 3963 Itaque
294 3889 368 3948 baec
392 3889 449 3949 duo
473 3893 616 3949 contrario
640 3889 726 3950 modo
750 3907 781 3949 se
803 3890 923 3950 habent.
954 3891 1123 3951 Innumero
1148 3892 1232 3951 datur
1253 3891 1414 3965 minimum,

59 3993 119 4036 non
142 3977 314 4048 maximnm,
338 3979 366 4033 in
390 3976 590 4054 magnitudine
606 3977 691 4037 datur
705 3980 872 4050 maximum,
896 3995 954 4038 non
970 3981 1130 4038 minimum.
1162 3977 1414 4055 Quemadmodum

60 4067 139 4124 enim
164 4065 193 4120 in
217 4064 362 4123 continuis
385 4081 543 4140 nunqnam,
568 4082 603 4124 na
626 4066 744 4141 quidem
758 4081 810 4140 per
825 4064 967 4125 inlinitum
983 4065 1166 4138 divisionem,
1189 4067 1357 4142 pervenitur
1376 4065 1415 4124 ad

60 4153 225 4222 minimum,
248 4153 290 4209 ita
314 4153 341 4208 in
365 4154 491 4212 numeris
513 4170 671 4230 nunquam,
695 4171 732 4212 ne
755 4151 871 4228 quidem
894 4171 946 4230 per
968 4153 1110 4213 infinitam
1134 4153 1322 4224 additionem,
1345 4171 1414 4229 per·

7 4241 8 4246 ’
61 4241 179 4297 venitur
201 4237 239 4298 ad
263 4241 429 4299 maximum.
476 4239 586 4316 Estque
608 4247 731 4316 utraque
755 4239 826 4300 haec
856 4240 958 4300 infiniti
982 4243 1178 4319 potentialia
1200 4257 1350 4312 connexa,
1383 4248 1415 4299 ut

59 4327 194 4402 potentia
217 4323 348 4384 divisorii
372 4325 474 4384 infiniti
498 4329 527 4384 in
552 4329 690 4386 continno
712 4325 750 4385 'sit
766 4343 855 4388 causa
877 4332 1026 4405 potentiae
1049 4329 1234 4389 additionarii
1259 4328 1362 4386 infiniti
1385 4331 1413 4386 in

59 4415 199 4486 numeris,
224 4410 293 4470 dnm
316 4412 426 4472 scilicet
449 4421 546 4489 partes
570 4431 621 4491 per
642 4415 784 4474 infinitam
800 4414 974 4476 divisionem
991 4421 1164 4477 constitutas
1179 4416 1292 4474 infinita
1310 4431 1414 4473 nume·

60 4517 161 4561 rorum
185 4517 300 4559 summa
323 4508 467 4561 numerat.
500 4499 582 4562 Unde
605 4507 658 4575 est,
682 4501 760 4578 quod
785 4501 854 4561 dicit
877 4504 1059 4577 Aristoteles,
1082 4505 1158 4564 banc
1180 4503 1292 4562 numeri
1315 4501 1414 4559 inlini-

59 4596 150 4647 tatem
175 4604 234 4646 non
258 4605 322 4647 esse
345 4588 539 4664 separabilem
561 4589 773 4649 adiobotomia
796 4592 1013 4664 continuorum,
1038 4608 1115 4666 quae
1138 4590 1254 4667 quidem
1278 4587 1414 4647 dichoto-

59 4679 139 4735 miae
161 4673 293 4735 infinitae
316 4685 400 4748 aaut,
424 4677 508 4747 item,
533 4695 591 4735 uon
613 4677 770 4736 subsistere
790 4677 838 4736 vel
861 4695 1029 4754 permanere
1052 4679 1128 4738 banc
1150 4677 1336 4749 infinitatem,
1361 4675 1412 4734 sed

59 4763 132 4824 lieri.
180 4763 254 4822 Nam
277 4765 478 4838 permanentia
501 4763 588 4842 hujus
610 4763 763 4822 intinitatla
793 4765 938 4826 actualem
960 4773 1209 4844 praesupponeret
1231 4763 1412 4836 infinitatem,

60 4850 118 4913 trae
141 4867 211 4911 vero
233 4851 297 4914 terr
319 4853 415 4914 iuuoit
435 4851 495 4914 Ena
517 4851 665 4935 quoddam
687 4851 717 4910 in
739 4854 882 4930 potentis,
