3398 5426
606 322 888 419 ditationatus
977 398 980 424 .
1378 351 1442 425 teo
1504 384 1505 387 ¹
1575 317 1684 362 ἵ

1 510 3 513 ‚
84 539 221 618 generati
242 536 331 599 solidi
353 537 391 599 ad
414 540 512 600 omnia
534 545 645 617 puncta
665 539 791 601 laterum
813 541 842 599 in
865 535 1091 599 basiducuutur
1105 536 1211 614 lineae,
1233 535 1350 613 rejectis
1366 552 1443 613 qnae

84 624 135 688 bis
158 626 247 688 lineis
269 625 470 686 excluduntur.
516 625 727 705 (Pyramides.)
1116 633 1120 641 ‘

197 712 278 790 Quot
297 720 366 777 sunt
387 713 481 774 latera
503 715 592 788 basis,
616 722 660 775 tot
682 731 762 774 nora
783 721 953 774 accrescunt
973 712 1073 791 plana
1107 710 1188 774 Unus
1210 718 1324 773 tantum
1346 728 1442 788 angu-
1560 770 1567 792 ,Ι
1590 685 1689 799 ⁴343.

86 800 137 861 lus
160 800 281 878 insuper
302 801 421 861 additus
447 819 536 879 snper
566 819 717 863 numemm
740 801 912 878 angulorum
935 804 965 860 in
989 802 1063 861 basi.
1101 801 1146 861 Ex
1173 801 1248 860 cubo
1271 799 1346 859 liunt
1367 816 1442 860 auo·
1528 828 1532 833 ,
1568 794 1695 881 ’ἢῆ-[ἲ

85 891 184 969 nymi‚
208 888 261 949 sed
283 905 319 948 ex
340 887 500 966 peuta'e'dro
523 886 556 948 lit
578 890 700 952 celebris
720 893 850 968 pyramis
872 887 1076 966 trigonoddrs:
1100 887 1285 949 recasurum.
1322 887 1367 948 Ex
1390 904 1444 965 cy·

84 976 187 1037 lindro
210 992 314 1050 conus,
338 994 378 1061 ex?
398 975 578 1057 cylindroida
593 1011 636 1024 -
651 978 799 1040 conoides.
845 977 920 1038 Ooni
942 976 1111 1055 superficies
1141 974 1286 1054 explicata
1309 984 1443 1053 estpars

87 1063 205 1135 circuli,
227 1081 378 1140 nunquam
401 1064 525 1126 circulus
549 1073 637 1127 totus.

198 1151 456 1229 Compositae.
503 1153 548 1213 Ex
569 1152 722 1232 pyramide
746 1154 840 1213 omnis
864 1153 1047 1230 compositio.
1086 1150 1248 1229 Corporum
1270 1151 1373 1210 horum
1395 1153 1443 1213 in·
1498 1224 1504 1243 ,
1546 1132 1550 1142 k

86 1239 176 1299 linita
197 1249 274 1299 suut.
320 1239 433 1300 Causae
458 1243 608 1301 uarietatis
630 1241 757 1301 multae:
784 1242 816 1314 1)
838 1239 1002 1317 planorum,
1026 1239 1104 1299 nude
1119 1238 1286 1318 pyramides
1309 1239 1444 1298 denomi·
1648 1248 1652 1255 ‘

88 1336 215 1400 uantur,
244 1326 461 1404 irregularitas,
491 1329 688 1405 inaequalitas
710 1328 833 1388 laterum
856 1337 885 1388 et
908 1328 1096 1405 angulorum,
1125 1326 1285 1387 eorundem
1305 1329 1442 1400 varietas,

90 1418 228 1493 ipsorum
251 1418 340 1475 etiam
362 1423 466 1476 mutua
487 1415 694 1476 dissimilitudo
718 1425 748 1476 et
768 1418 937 1476 inconstans
953 1432 1098 1489 uumerus,
1123 1410 1157 1499 3)
1172 1412 1356 1493 pyramidum
1371 1417 1445 1474 irre·

86 1504 234 1581 gularitas
256 1509 286 1562 et
309 1501 465 1562 declinatio
488 1505 606 1582 apicum
622 1523 641 1564 3
655 1513 764 1565 centro.
800 1502 1011 1581 Regularitatis
1033 1511 1132 1564 autem
1155 1503 1229 1564 baec
1250 1510 1319 1563 snut
1341 1501 1445 1563 discri-
1522 1531 1523 1535 =
1563 1498 1687 1585 {qii-

74 1594 176 1668 ,mina
197 1593 260 1650 siue
284 1591 383 1667 signe:
410 1585 443 1673 l)
464 1592 648 1670 pyramidum
671 1591 858 1669 regularitas,
883 1590 919 1669 3)
942 1591 1096 1668 planorum
1117 1594 1181 1652 sive
1205 1592 1319 1651 basium
1342 1607 1443 1650 earum
1504 1592 1507 1596 ’
1571 1619 1575 1628 ⁷
1595 1589 1685 1667 1,·

1 1679 2 1682 ’
89 1679 269 1757 regularitas
292 1679 394 1755 maior,
417 1681 520 1753 minor,
545 1677 576 1760 3)
598 1679 759 1740 similitudo
783 1688 812 1740 et
833 1679 997 1755 aequalitas
1014 1679 1138 1752 basium,
1161 1681 1225 1739 sive
1248 1676 1351 1739 eadem
1373 1677 1443 1738 alti·
1557 1682 1573 1737 ’,
1598 1683 1699 1763 Μ

88 1767 164 1827 tudo
188 1766 379 1844 pyramidum.
418 1764 576 1827 Testentur
598 1770 792 1845 experientia,
815 1784 901 1826 omne
923 1767 1056 1843 regulare
1071 1765 1171 1844 aliquo
1187 1769 1304 1827 nomine
1328 1783 1392 1826 esse
1407 1783 1444 1826 ex
1551 1758 1689 1847 ,a

90 1856 226 1932 quinque
249 1855 428 1930 corporibus.
465 1855 663 1932 ldquomodo
686 1855 803 1932 probari
825 1861 934 1936 posset,
958 1863 991 1915 ut
1012 1854 1069 1915 hoc
1090 1862 1176 1933 pacto
1197 1852 1441 1933 supersedeamus
1495 1916 1498 1920 4
1550 1842 1696 1955 §lays

89 1941 144 2001 illo
169 1940 280 2013 labore,
303 1941 462 2017 quaerendi
484 1943 610 2020 angulos
632 1941 797 2004 coeuntes?
835 1942 895 2002 Vix
917 1944 1087 2019 poterimus.

198 2028 396 2089 Iuauumeuts
417 2028 505 2105 hujus
527 2032 725 2108 inquisitionis
746 2029 819 2090 haec
841 2036 918 2089 suut.
956 2027 996 2090 Ut
1017 2030 1145 2089 sciamus
1159 2027 1344 2105 pyramidum
1361 2044 1442 2090 com·

90 2118 264 2195 ponentium
287 2115 412 2193 angulos
433 2116 561 2192 solidos,
592 2125 731 2195 quotoam
760 2120 836 2179 coire
858 2119 973 2194 possint
994 2116 1032 2176 ad
1062 2114 1294 2192 componendum
1316 2115 1443 2177 solidum
1547 2152 1548 2155 ,
1576 2101 1692 2182 ‘

92 2221 197 2264 unum·
242 2203 278 2263 ld
300 2214 399 2265 &illem
420 2205 581 2267 rectissima
603 2205 703 2266 haberi
726 2213 825 2283 polest
846 2224 882 2266 ex
905 2204 1026 2266 basibus
1049 2203 1241 2284 pyramidum,
1275 2204 1352 2266 Nam
1367 2222 1442 2282 qua.
1620 2193 1693 2230 Μ

1 2296 3 2305 “
91 2310 158 2352 rum
182 2291 366 2369 pyramidum
383 2292 469 2353 basse
485 2301 706 2370 coagmentatae
721 2293 818 2370 planis
841 2292 956 2369 angulis
978 2291 1101 2370 impleut
1116 2307 1231 2353 omnem
1254 2291 1351 2352 locum
1367 2295 1461 2372 circa
1572 2326 1615 2337 ··

90 2390 235 2457 punctum
258 2378 366 2456 anguli,
389 2379 506 2440 illarum
527 2381 713 2459 pyramidum
734 2379 835 2458 anguli
850 2380 938 2440 solidi
961 2397 1019 2440 non
1035 2388 1104 2440 sunt
1125 2381 1189 2458 apti
1211 2377 1248 2439 ed
1264 2397 1443 2458 componen—
1568 2343 1697 2468 ,³

1 2496 2 2513 2
91 2467 164 2527 dum
186 2466 325 2544 angulum
349 2465 485 2548 solidum.
529 2464 634 2545 ltaque
655 2469 776 2547 perinde
798 2475 852 2540 est,
875 2468 939 2529 aira
962 2468 998 2528 de
1020 2469 1222 2546 pyramidibus
1244 2470 1309 2528 sira
1331 2469 1367 2529 de
1391 2485 1443 2531 es·

91 2573 157 2616 rum
181 2555 302 2615 basibus
326 2554 465 2615 dicamus.
510 2555 618 2629 Plana,
649 2574 725 2634 quae
748 2555 877 2617 elliciuut
899 2555 1022 2634 singulis
1044 2556 1160 2633 augulis
1181 2555 1278 2634 planis
1299 2572 1444 2615 summam

92 2652 223 2723 quatuor
243 2644 330 2703 rectia
354 2641 402 2704 rel
424 2642 644 2721 aequolemvel
666 2646 816 2721 majorem,
840 2662 928 2704 unum
944 2643 1070 2705 solidum
1092 2645 1216 2704 lormsre
1238 2652 1442 2721 nonpossnnt
1487 2691 1490 2697 ,
1532 2645 1689 2706 ,,,1

91 2731 200 2808 Itaque
224 2733 298 2789 inter
320 2727 410 2808 plana
433 2731 565 2808 ejusdem
588 2732 710 2809 speciata
737 2732 768 2810 1)
785 2738 802 2792 3
819 2732 980 2808 triangula,
1005 2730 1037 2807 3)
1055 2738 1073 2791 4
1089 2730 1244 2809 triangula,
1267 2728 1298 2808 3)
1315 2737 1333 2792 d
1350 2733 1443 2791 trion·
1569 2775 1573 2781 .
1588 2717 1651 2819 ‚fig
1677 2722 1692 2796 ,⁴5

89 2818 175 2896 gula,
198 2820 232 2893 4)
249 2824 266 2878 3
286 2817 437 2896 quadrata,
463 2818 495 2896 3)
511 2826 529 2880 3
547 2819 775 2896 quinquangulo,
800 2836 923 2895 quorum
939 2836 1052 2880 summa
1067 2826 1112 2881 331
1135 2825 1164 2893 3,
1189 2818 1240 2903 33,
1264 2818 1314 2903 3),
1336 2825 1365 2894 3,
1383 2818 1441 2901 3),;
1520 2814 1529 2836 ”
1590 2807 1687 2905 «gfff

7 2979 8 2983 Ἰ
90 2904 238 2968 babemus
260 2908 289 2965 in
312 2905 495 2983 regularibus
517 2906 690 2986 angulorum
714 2912 732 2968 3
755 2909 877 2986 species.
913 2907 949 2968 ln
972 2907 1069 2985 planis
1092 2905 1225 2967 diversae
1248 2908 1356 2983 speciei
1377 2909 1443 2968 exi·
1552 2915 1554 2920 “
1582 2908 1626 2989 ἧς
1657 2904 1667 2965 .'
1686 2911 1699 2983 j

1 2992 3 3002 ’
90 3002 177 3054 stunt
197 2993 424 3054 innumerabiles
456 2994 567 3055 lormae
597 2993 757 3054 solidorum
783 2996 967 3072 angulorum.
1012 2995 1046 3054 lu
1069 2993 1126 3054 bac
1153 2995 1293 3054 mixtione
1317 2994 1443 3056 tenende
1547 3016 1552 3028 ·

1 3139 4 3142 ,
90 3081 170 3144 hacc
198 3081 313 3160 regula:
346 3082 440 3142 omnis
465 3081 566 3161 anguli
594 3081 681 3143 solidi
710 3083 791 3160 pleni
819 3081 919 3160 auguli
951 3081 1120 3143 claudentes
1149 3079 1236 3142 simul
1264 3084 1354 3146 sumti
1384 3099 1442 3142 uuo
1610 3072 1684 3168 ᾗ,

91 3169 194 3232 demto
216 3178 284 3230 sunt
305 3169 432 3246 majores
453 3171 577 3249 reliquo.
621 3169 726 3231 Nullus
755 3170 867 3231 solidus
896 3170 1029 3249 pluribus
1052 3175 1070 3231 5
1094 3170 1191 3247 planis
1214 3169 1331 3247 angulis
1353 3187 1442 3247 regu·
1555 3217 1569 3235 „
1586 3198 1684 3254 :i

91 3258 206 3321 laribus
228 3256 382 3317 clauditur.

200 3344 330 3423 Species,
354 3345 404 3404 ubi
428 3348 446 3406 5
470 3343 551 3422 plani
573 3351 695 3405 coeunte
725 3344 754 3422 a)
778 3348 797 3406 b
821 3344 960 3421 trianguli
981 3345 1067 3419 meri,
1097 3345 1130 3419 b)
1154 3350 1174 3404 4
1195 3344 1353 3421 triangulis
1370 3347 1442 3407 mia-
1476 3385 1479 3400 ,
1509 3367 1513 3372 ·
1569 3293 1695 3432 ,

93 3437 152 3496 ceri
168 3441 265 3511 potest
278 3430 506 3509 quadrangulus,
531 3433 778 3510 quinquangulus,
793 3450 851 3493 nou
866 3432 1054 3509 sexangulus,
1078 3434 1108 3506 c)
1125 3437 1143 3494 3
1159 3432 1313 3510 triangulis
1331 3439 1349 3494 3
1367 3451 1443 3512 qua.
1525 3499 1528 3504 ,
1586 3426 1697 3521 ³22³*

89 3521 180 3599 ,data
201 3538 260 3581 non
283 3521 447 3595 miscentur,
470 3519 675 3580 multominus
698 3527 716 3581 3
740 3520 963 3598 quinquangulus
976 3528 1031 3581 etc.
1055 3528 1085 3580 et
1098 3519 1191 3582 multo
1204 3524 1300 3582 minus
1315 3528 1333 3582 3
1349 3523 1442 3583 trisn-

92 3609 174 3689 gulis
198 3616 216 3670 3
240 3606 384 3685 quadrata
405 3615 480 3688 etc,
503 3624 572 3686 ergo
595 3615 709 3670 tantum
732 3610 888 3686 3species.

1 3706 2 3711 ’
198 3697 326 3775 Species,
350 3697 401 3755 ubi
425 3703 443 3756 4
465 3697 547 3773 pleni
571 3701 692 3758 colunt:
716 3702 735 3758 4
759 3697 895 3773 trianguli
918 3697 1006 3770 meri3
1037 3696 1129 3757 tribus
1152 3696 1306 3773 triangulis
1327 3699 1443 3759 misceri

90 3792 192 3864 potest
217 3791 231 3845 1
258 3781 485 3862 quadrangulus,
512 3791 526 3845 1
552 3783 807 3863 quinquangulum
831 3784 946 3845 duobus
969 3785 1122 3861 triangulis
1143 3786 1300 3845 miscentur
1323 3792 1341 3849 3
1366 3799 1442 3863 qua-

1 3924 3 3934 .
93 3873 188 3947 drata,
210 3872 384 3950 quadratum
406 3877 436 3933 et
459 3873 720 3950 quinquangulum,
743 3871 918 3949 quadratum
942 3879 971 3932 et
992 3870 1202 3949 sexangulum3
1231 3879 1249 3932 3
1274 3876 1442 3951 quinquan-

89 3960 180 4108 gu}a;
206 3969 221 4021 1
247 3958 499 4109 qoinqganguium
521 3977 587 4021 cum
612 3960 832 4038 laetargum,
866 3966 880 4020 l
906 3960 1159 4038 quinquangulum
1183 3978 1249 4021 cum
1274 3969 1289 4021 1
1314 3969 1439 4040 septen·

90 4066 128 4127 gu
143 4066 176 4110 o:
200 4066 314 4127 epecres
359 4095 366 4110 .

1 4208 7 4232 ⁵
89 4225 204 4303 species
228 4232 257 4286 3.

91 4397 236 4478 drangula
249 4418 309 4461 non
325 4404 439 4461 coeunt.
463 4399 584 4460 Summa
599 4397 844 4475 quadrilineorum
855 4397 1014 4459 solidorum
1030 4401 1124 4477 primo
1140 4397 1261 4472 infinita,
1275 4397 1379 4459 deinde
1389 4407 1439 4462 14.

197 4133 280 4198 Unus
303 4134 466 4214 triangulus
487 4137 627 4198 miscetur
650 4141 669 4196 3
693 4133 859 4211 quadratis,
891 4133 1085 4213 3quadratis
1108 4142 1138 4196 et
1162 4142 1177 4196 1
1203 4136 1438 4214 quinquangulus
1495 4096 1496 4099 Ἴ
1539 4190 1541 4193 ,
1605 4183 1699 4240 w

168 4352 176 4368 .
196 4309 254 4373 Uni
278 4270 433 4389 triangulo,
456 4313 507 4372 unt
531 4300 732 4388 qr'radraugulo
754 4327 813 4370 non
836 4311 993 4372 miscentur
1016 4318 1035 4372 3
1060 4309 1295 4388 quinquangula3
1318 4318 1338 4372 4
1363 4328 1439 4389 qus·
1558 4321 1561 4329 ”
1604 4308 1699 4405 ³„

193 4487 314 4567 Species
337 4489 388 4548 ubi
412 4494 429 4548 3
453 4487 534 4565 plani
557 4490 663 4546 cobuut
688 4485 719 4562 1)
734 4488 790 4546 tria
812 4486 974 4564 triangula,
999 4483 1031 4565 3)
1053 4485 1168 4548 duobus
1191 4486 1343 4562 triangulis
1367 4489 1439 4548 mis·
1540 4520 1542 4530 J
1567 4452 1569 4458 V
1611 4521 1695 4572 ,

91 4581 171 4634 catur
193 4576 379 4652 quadratum,
402 4574 663 4652 quinquangulum.
702 4571 733 4653 3)
748 4571 844 4634 Unum
873 4574 1051 4652 biaugulum
1075 4572 1268 4650 3qusdrstls,
1291 4591 1357 4635 cum
1381 4592 1439 4636 uno
1494 4573 1696 4654 1⁴12„

90 4660 232 4738 quadrato
248 4672 277 4725 et
294 4672 310 4725 1
327 4661 557 4741 quinquangulo,
576 4667 590 4723 1
609 4660 770 4738 sexangulo
787 4671 852 4737 ete,
867 4660 1084 4739 undecsngulo:
1100 4662 1213 4738 species
1230 4666 1258 4721 8.
1291 4660 1323 4740 4)
1340 4661 1438 4724 Unum

9 4759 13 4766 ·
91 4752 267 4829 triangulum
282 4770 348 4814 cnm
365 4759 382 4813 3
400 4749 637 4830 quinquanguiis,
652 4766 718 4812 cum
736 4755 750 4809 1
769 4749 990 4829 quinquangulo
1006 4756 1035 4813 et
1050 4765 1109 4812 333
1128 4748 1288 4828 sexangulo
1303 4758 1349 4813 etc
1349 4793 1437 4818 .....

93 4842 131 4899 33
156 4839 278 4918 angulo:
304 4846 344 4903 33
366 4842 489 4920 species.
