3478 5424
597 391 770 456 eunome
787 385 912 464 nunes.
1387 382 1429 456 35
1535 371 1536 374 ‘
1568 379 1576 482 }
1614 379 1617 384 ·

17 569 19 602 ’
81 595 178 642 oseem
199 597 289 658 supra
310 571 397 654 diem,
416 577 466 638 ein
487 578 518 638 in
539 575 626 652 diem,
640 555 719 638 ‘tune
741 579 943 652 exaequantur
955 572 1049 649 magis
1071 587 1130 634 nox
1152 576 1182 632 et
1204 567 1275 650 dies,
1299 567 1378 649 quod
1400 569 1432 629 in
1479 667 1483 674 Ι
1542 593 1547 605 ι
1647 539 1711 636 ῙῨΪ

80 671 163 730 aunis
187 675 206 728 tr
229 668 263 728 lit
283 665 392 742 semel;
415 667 602 742 permutatim
625 663 705 741 apud
727 661 929 724 enbrolranos
942 655 1011 744 ¹¹⁴).
1352 737 1354 748 Ι

17 745 19 760 '
181 755 310 818 Tantum
341 757 429 832 igitur
462 751 498 815 de
531 756 582 832 lie,
620 769 696 830 quea
729 746 945 828 quodammodo
983 749 1174 810 communiter
1209 745 1432 826 hemisphaeriis

17 811 19 904 ἶ
80 845 228 906 eveniunt

17 959 19 966 ¹
424 979 477 1041 De
498 977 789 1056 Hemispheerio
812 961 1086 1057 privolrarum.

181 1100 253 1164 Jam
267 1099 346 1180 quod
360 1100 478 1186 singule
491 1099 706 1179 hemisphaeria
720 1101 842 1160 seorsim
856 1100 970 1173 attinet,
994 1102 1096 1179 ingene
1118 1099 1194 1161 inter
1217 1117 1253 1160 ee
1274 1107 1318 1162 eet
1333 1099 1433 1161 diver·

80 1189 160 1250 sites.
204 1189 308 1267 Neque
329 1192 407 1252 enim
429 1198 542 1252 tantum
564 1190 728 1265 praesentia
750 1196 780 1248 et
802 1189 936 1248 absentie
958 1187 1073 1249 Volcae
1101 1187 1295 1250 dissimillima
1317 1189 1434 1248 exhibet
1564 1181 1567 1184 ’
1671 1145 1720 1276 [ιζ.

17 1279 21 1338 l
80 1277 257 1354 mediacrris,
280 1277 333 1339 eod
354 1277 428 1342 hoec
450 1280 515 1355 ipse
536 1278 702 1338 communie
723 1275 925 1353 phaenomena
948 1274 1162 1336 diversissimos
1185 1277 1295 1336 babent
1314 1276 1433 1336 effectus

17 1359 19 1430 ἶ
80 1365 144 1426 hino
170 1373 200 1426 et
221 1364 305 1442 inde,
333 1365 407 1426 adeo
430 1373 464 1426 nt
485 1366 592 1425 rectius
618 1363 743 1423 fortasse
771 1363 971 1442 prirolvarum
994 1363 1240 1441 hemisphaerium
1262 1365 1319 1424 dici
1340 1367 1435 1440 possit

17 1457 22 1534 ζ’
81 1456 315 1531 intemperatum,
337 1453 548 1514 subvolvarum
569 1459 771 1529 temperatum.
806 1451 882 1512 Nam
904 1450 984 1528 apud
1005 1452 1156 1529 privolvee
1179 1469 1237 1512 uox
1259 1460 1305 1513 est
1319 1460 1434 1511 nostros
1558 1465 1560 1474 ’
1610 1497 1626 1520 .,
1672 1439 1717 1538 J

17 1607 18 1620 ¹
83 1545 119 1602 15
141 1541 195 1602 sel
220 1543 260 1601 16
283 1540 346 1602 dies
368 1540 517 1602 naturales
538 1540 637 1616 longe,
659 1539 806 1616 perpetuis
829 1539 947 1598 horride
968 1539 1104 1614 tenebris,
1128 1549 1256 1616 quentee
1279 1538 1356 1616 apud
1380 1555 1434 1598 noe
1563 1549 1567 1570 ’
1678 1543 1722 1640 [ἧᾴζ

17 1641 19 1684 μ
81 1637 147 1689 eunt
176 1635 263 1690 noete
285 1628 386 1702 illuni,
415 1630 524 1706 quippe
546 1626 635 1688 nullis
656 1625 772 1688 Volcae
799 1625 889 1686 radiis
910 1643 949 1687 ue
971 1626 1024 1687 ills
1046 1627 1165 1704 quidum
1192 1627 1355 1686 illustratur
1377 1642 1434 1685 un-

17 1711 19 1804 ξ
83 1729 187 1793 quam,
215 1719 316 1792 itaque
337 1719 437 1776 omnia
458 1719 553 1792 rigent
574 1714 643 1792 gelu
665 1721 695 1774 et
715 1715 827 1791 pruinis
841 1708 895 1792 115)
922 1717 1098 1792 insuperque
1123 1723 1152 1776 et
1174 1718 1269 1775 uentis
1291 1715 1435 1790 rigidisei-
1483 1777 1485 1780 ,

17 1831 19 1870 a
80 1805 134 1864 mis
155 1811 188 1865 et
209 1802 399 1864 validissimis
413 1797 482 1882 116);
505 1801 636 1864 succedit
650 1802 722 1876 dies,
748 1808 787 1862 14
804 1809 917 1862 nostros
931 1801 1022 1879 longe
1037 1803 1084 1863 vel
1105 1820 1140 1862 eo
1154 1802 1245 1880 paulo
1260 1805 1356 1862 minus
1368 1796 1435 1878 ¹¹⁷),

17 1895 19 1954 i
83 1893 189 1969 quibus
211 1899 243 1952 et
262 1889 318 1952 Sol
339 1885 500 1969 mejor¹¹⁸l
522 1899 553 1952 et
574 1891 629 1950 sub
652 1889 717 1950 uris
740 1883 908 1970 cuonem)
930 1886 1224 1973 etveutinulbm).
1258 1890 1435 1967 ltaqueim·
1542 1881 1543 1884 ’
1619 1847 1722 1968 ⁴,

17 2001 20 2048 ς,
81 1996 200 2040 mensus
216 1988 324 2040 cestus
354 1981 454 2056 Atque
468 1980 511 2040 sio
532 1979 629 2054 spatio
644 1977 781 2038 nostratis
796 1977 904 2037 mensis
926 1994 979 2036 eeu
994 1977 1055 2039 diei
1068 1977 1211 2040 Levenioi
1233 1994 1291 2037 uno
1316 1977 1435 2037 eodere-

17 2059 22 2164 il
85 2085 140 2144 que
162 2066 230 2128 loco
254 2074 285 2126 et
307 2075 406 2127 senus
429 2073 474 2127 ost
496 2063 666 2144 quindecies
688 2065 845 2130 torrentior
867 2064 996 2126 alriosuo
1019 2073 1128 2142 nosue,
1152 2073 1183 2127 et
1204 2065 1272 2144 gelu
1294 2065 1435 2126 intolera-
1560 2065 1561 2068 ’

82 2155 169 2216 bilius
193 2157 359 2230 quirireno.
592 2231 594 2236 Ι

17 2241 22 2356 ἰ
185 2241 378 2304 Peculieriter
399 2237 569 2346 notandum,
593 2237 672 2344 qnod
694 2239 815 2344 planete
837 2237 918 2342 Mers
939 2240 986 2314 iis,
1011 2241 1062 2344 qei
1084 2238 1301 2342 inumeditullio
1323 2238 1435 2317 privel-

17 2373 23 2500 ᾧ
80 2347 185 2496 mm
196 2325 813 2495 izugtdngozemprtzdpefiuffierssbimnslpo
834 2341 940 2406 curque
962 2337 1057 2389 uoces
1080 2327 1218 2404 urtronlo,
1248 2345 1323 2406 pene
1346 2325 1435 2405 duplo

17 2508 24 2554 r

17 2797 22 2916 5,
81 2835 257 2896 inhabitant
302 2835 343 2896 lie
367 2840 443 2896 enim
465 2837 522 2898 hoe
542 2837 691 2916 peculiare
714 2842 767 2912 est,
790 2843 824 2895 ut
846 2835 1040 2913 digressiones
1064 2835 1187 2897 Veneris
1210 2846 1240 2898 et
1262 2837 1437 2899 Mercuriia

17 2919 19 2996 ἶ
81 2923 151 2984 Sole
175 2923 334 2984 observent
354 2923 447 2986 multo
470 2926 596 3004 majores
619 2943 708 3002 qnam
729 2915 860 3004 noem).
897 2923 1005 2984 lisdem
1028 2932 1057 2984 et
1071 2923 1173 2984 Venus
1188 2927 1273 2986 certis
1296 2927 1437 3003 tempori-

17 3037 19 3068 ι
82 3011 136 3070 bus
160 3007 251 3088 duplo
274 3019 396 3090 apparet
418 3012 512 3090 major
533 3031 622 3093 quam
643 3003 813 3096 soblem),
844 3014 1018 3090 praesertim
1038 3013 1090 3089 iie,
1114 3015 1165 3090 qui
1187 3014 1242 3074 enb
1271 3014 1341 3092 polo
1368 3031 1439 3092 sep·
1503 3083 1505 3092 s

17 3079 23 3162 l
82 3097 252 3160 tentrionall
274 3097 411 3160 habitant
424 3095 487 3178 ¹²⁴).

17 3169 21 3272 l
187 3183 326 3246 Omnium
348 3203 419 3248 sero
440 3187 652 3265 jucundissime
674 3193 720 3248 eet
740 3187 770 3244 in
784 3184 918 3247 Levuuia
932 3186 1096 3264 speculatio
1121 3187 1235 3248 Volrae
1250 3205 1332 3265 suec,
1355 3189 1438 3265 cujus

17 3275 19 3352 l
81 3271 125 3332 illi
149 3273 285 3333 fruuntur
307 3282 465 3351 conspectu
487 3277 516 3334 iu
539 3276 808 3353 compensatiouem
831 3274 932 3335 Lunee
955 3285 1087 3349 nostrae,
1111 3293 1170 3352 qua
1193 3293 1258 3336 cnm
1281 3279 1354 3354 ipsi,
1377 3285 1439 3336 tum

397 2627 478 2709 ¹De
500 2624 789 2703 hemisphaerio
811 2623 1102 2686 subvolvarnm.

188 2748 375 2810 Transiturue
404 2748 442 2810 ud
469 2749 527 2812 hoo
552 2751 661 2828 incipio
688 2747 727 2810 ab
755 2748 820 2826 ejus
846 2748 1021 2823 limitaneis,
1045 2751 1096 2825 qui
1118 2748 1257 2810 circulum
1280 2749 1437 2811 divisorem

17 3363 29 3426 l
84 3369 113 3421 et
135 3359 294 3437 privolvee
316 3370 416 3422 carent
436 3365 553 3439 penitus
567 3357 628 3442 ¹²³).
673 3361 711 3420 lit
733 3378 751 3421 a
773 3360 889 3422 Volcae
912 3362 1000 3439 hujus
1029 3365 1149 3439 perenni
1170 3367 1337 3440 praesentis
1358 3369 1439 3442 regio
1514 3397 1519 3410 ι
1590 3401 1591 3404 =
1649 3371 1714 3458 “u

17 3459 20 3536 l
84 3464 120 3508 ee
143 3447 351 3508 denominetur
363 3449 558 3524 subvolsuna,
581 3447 784 3526 slontrsliqua
806 3450 845 3510 ab
867 3449 931 3527 ejus
954 3451 1088 3511 absentia
1109 3451 1308 3529 prirolrarum
1324 3451 1438 3528 dicitur,
1569 3533 1570 3536 Ἴ
1654 3455 1666 3466 ”

17 3537 23 3656 'f
82 3535 165 3614 quod
189 3537 376 3683 sxr'ntbprigati
398 3535 703 3684 conspectunvodvso.
774 3632 786 3683 t
974 3623 984 3682 ¹
1105 3633 1116 3684 t
1210 3627 1216 3642 ἱ

17 3659 20 3768 l
83 3707 192 3772 utne,
212 3640 595 3790 ,thntbltlttt
626 3641 698 3771 lli
719 3640 837 3772 lille
853 3640 972 3772 ,ilbi
986 3641 1441 3790 {ltrtritttlslbtll

83 3797 159 3858 coeli
183 3796 365 3874 escenderit,
398 3803 449 3859 vix
471 3798 592 3860 humani
615 3799 712 3859 vultus
734 3798 919 3858 latitudinem
941 3807 1149 3876 repraesentat
1187 3801 1348 3863 Subvolvis
1369 3821 1439 3864 sero

17 3891 19 3898 '
85 3881 190 3946 Volse
211 3903 265 3946 uua
287 3887 318 3944 in
340 3889 405 3964 ipso
427 3887 502 3948 coeli
524 3887 621 3948 medio
644 3887 744 3964 (quem
766 3889 854 3946 situm
870 3887 982 3947 obtinet
1003 3887 1082 3965 apud
1098 3905 1159 3962 eos,
1182 3891 1233 3966 qui
1255 3890 1390 3950 habitant
1411 3894 1441 3948 in

82 3971 251 4034 meditullio
279 3990 332 4033 een
356 3974 493 4035 umbilico
521 3975 609 4052 hujus
638 3967 860 4057 hemisphaerii)
888 3974 977 4052 paulo
1007 3978 1101 4035 minue
1124 3975 1288 4054 quadruplo
1316 3977 1442 4055 longiori

85 4059 231 4122 dismeuo
253 4049 396 4137 cernitur,
420 4079 508 4139 quam
530 4062 616 4122 nobie
636 4069 737 4122 nostra
760 4060 859 4136 Luna,
882 4061 958 4123 adeo
981 4071 1013 4122 ut
1036 4063 1181 4124 diocorum
1204 4066 1337 4126 instituta
1360 4084 1442 4127 eom·
1562 4099 1563 4102 ι

84 4149 241 4226 paratione
263 4148 460 4226 quindecuplo
484 4149 577 4227 maior
599 4151 638 4210 sit
659 4149 776 4208 illorum
799 4148 896 4210 Volva
918 4145 1005 4210 Luna
1027 4146 1202 4230 nostre¹²⁶).
1235 4152 1349 4228 Quibus
1372 4171 1441 4216 vero

85 4233 189 4297 Volva
211 4235 356 4295 horisonti
376 4245 517 4315 perpetuo
540 4237 680 4312 inhaeret,
704 4238 741 4296 iie
764 4239 877 4297 eminus
899 4241 1006 4297 montis
1029 4241 1113 4315 igniti
1135 4242 1261 4316 speciem
1285 4241 1410 4302 exbibet.

195 4319 447 4398 Quemadmodum
468 4326 559 4404 igitur
580 4341 634 4384 noe
657 4325 790 4400 regiones
806 4324 1010 4402 distinguimus
1024 4344 1075 4402 per
1098 4327 1278 4388 elevationes
1299 4329 1361 4408 poli
1376 4347 1442 4388 nru-

85 4409 166 4488 jorse
191 4412 384 4488 minoresque,
407 4412 478 4473 licet
498 4413 598 4490 polum
620 4413 716 4489 ipsum
738 4411 831 4472 oculis
852 4429 911 4472 uon
926 4429 1091 4489 cernamus,
1115 4418 1158 4475 sic
1180 4414 1237 4476 illis
1259 4417 1353 4478 eidem
1376 4417 1442 4477 usui

88 4501 182 4561 servit
206 4493 329 4559 altitudo
351 4497 477 4575 Volrae,
500 4517 615 4577 semper
637 4499 823 4576 conspicuae,
847 4498 970 4561 dirersis
993 4501 1066 4562 locis
1089 4499 1214 4567 diversa.

197 4581 386 4661 Quorundam
409 4589 495 4664 eninr,
519 4597 551 4648 ut
574 4587 648 4661 dixi,
671 4587 830 4648 verticibus
851 4591 991 4668 imminet,
1015 4589 1081 4650 aliie
1104 4590 1177 4650 locie
1196 4593 1282 4668 jnrte
1304 4591 1440 4653 circulum

89 4671 273 4734 horizontem
304 4673 444 4754 depressa
475 4675 609 4750 videtur,
641 4673 760 4752 reliquie
787 4679 937 4738 avertice
966 4695 1068 4738 versus
1096 4681 1276 4740 horizontem
1306 4678 1441 4758 declinat,

91 4759 228 4840 quolibet
248 4757 314 4823 loco
337 4769 518 4828 constantem
540 4770 680 4843 perpetuo
703 4761 887 4824 altitudinem
910 4771 1060 4826 ostentans
1073 4759 1137 4844 ¹²⁷).

198 4845 272 4911 Gom
299 4857 399 4914 eutem
426 4857 457 4914 et
477 4853 536 4931 lpsl
561 4865 632 4914 euos
657 4849 787 4912 habeant
814 4853 901 4930 polos
914 4848 984 4932 ¹²⁸),
1017 4855 1148 4932 quinon
1179 4851 1258 4932 apud
1280 4853 1348 4916 illes
1369 4855 1443 4918 lirae

170 4977 174 4984 .
1221 4953 1235 4982 Ι

1196 4951 1212 5009 3
