3478 5424
329 359 384 447 ts,
889 363 1132 439 rammasses

330 549 379 614 est,
398 559 431 601 ac
449 543 472 600 si
490 542 596 602 nullum
614 559 715 615 corpus
733 559 871 617 quoquam
888 545 1061 618 protestaret.
1096 545 1175 604 'lhnc
1197 543 1280 616 lgitur
1302 555 1402 616 corpus
1424 541 1517 613 ipsum
1545 543 1577 594 οι
1597 539 1671 593 loma

331 623 417 680 trahit
435 639 485 680 sua
502 626 633 696 membra,
651 632 683 680 ut
700 633 792 695 partes
812 627 929 684 minores
947 635 1014 683 toto.

433 705 477 764 76.
495 707 557 762 Non
582 707 663 776 plane
688 715 764 762 antu
799 707 876 780 Opus
895 717 937 765 est
960 707 1063 764 viribus
1088 706 1243 762 etiamnum.
1279 703 1349 760 Nam
1367 718 1446 759 omne
1464 713 1567 770 corpus
1583 697 1672 784 rafiam

328 785 459 840 materiae
477 802 544 842 suae
564 787 668 842 obtinet
685 787 809 844 inertiam
828 789 963 856 quandam
982 789 1017 843 ad
1035 793 1151 854 motum,
1170 800 1241 856 qnae
1259 782 1366 854 corpori
1384 782 1502 852 quietem
1520 783 1639 849 praestat
1651 789 1673 827 ιιι

328 865 403 920 omni
420 863 491 935 loeo,
509 866 536 920 ln
556 882 610 936 quo
628 867 657 922 id
675 867 825 923 collocatur
842 875 921 922 extra
938 867 1052 923 virtutes
1071 866 1223 922 tractorias.
1259 863 1337 918 Hanc
1353 863 1406 917 rim
1425 875 1475 917 sen
1496 857 1622 914 incarn
1635 868 1674 924 ιιι

334 943 390 1000 tius
408 958 521 1000 necesse
539 951 582 1000 est
599 945 690 1001 vincat
706 946 738 1014 is,
757 943 849 1016 quiid
868 963 966 1016 corpus
983 946 1045 1002 loco
1063 961 1112 1000 suo
1132 947 1175 998 est
1192 948 1339 999 emoturus.

440 1023 482 1078 77.
502 1021 617 1090 Quando
631 1024 735 1079 scilicet
747 1025 782 1079 ob
794 1025 1024 1095 propinquitatem
1036 1021 1189 1094 praepollet
1201 1021 1274 1077 orbis
1285 1019 1393 1076 rimatis
1405 1017 1575 1090 magneticae
1586 1014 1674 1069 Larsa

329 1098 425 1156 Posito
444 1099 515 1154 enim
533 1102 606 1170 quod
625 1100 711 1156 moles
729 1103 869 1171 quaelibet
886 1105 998 1172 Terrae,
1017 1101 1139 1170 aequalis
1160 1098 1243 1169 globo
1262 1099 1365 1169 lunari,
1388 1099 1482 1153 trahat
1499 1109 1588 1164 aeque
1603 1089 1677 1146 valta

331 1193 431 1248 corpus
448 1179 488 1234 sic
504 1177 624 1235 locatum
648 1181 720 1236 inter
737 1189 882 1252 utrumqne
901 1183 1024 1254 globum,
1049 1188 1079 1235 ut
1102 1179 1196 1234 eadem
1219 1180 1256 1234 sit
1272 1178 1413 1250 proportio
1431 1190 1498 1232 snae
1523 1175 1558 1228 ab
1577 1178 1677 1238 uacuae

331 1255 484 1326 distantiae,
503 1271 573 1326 quae
592 1265 635 1313 est
652 1259 774 1328 ipsorum
792 1262 864 1317 inter
881 1277 911 1319 se
930 1277 1080 1333 corporum,
1099 1258 1222 1315 haerebit
1238 1257 1389 1326 immobile,
1408 1254 1589 1312 tractionihns
1606 1251 1632 1304 in
1646 1247 1677 1304 di·

331 1351 409 1391 versa
427 1351 457 1391 se
474 1346 569 1392 mutuo
588 1338 775 1394 abolentihns:
801 1347 833 1395 nt
855 1343 879 1396 si
896 1341 968 1398 abrit
985 1357 1002 1395 a
1019 1341 1104 1396 Terra
1121 1340 1189 1412 666,
1209 1337 1415 1394 semidiametris
1433 1335 1552 1402 Terrae,
1578 1329 1678 1387 ahma

331 1431 395 1471 uero
415 1415 448 1488 stt
460 1416 584 1485 partibus
598 1417 789 1474 semidiametri
802 1419 911 1478 Terrae.
935 1421 1010 1476 idem
1028 1435 1091 1474 vero
1110 1419 1192 1488 paulo
1209 1417 1299 1473 adhuc
1317 1418 1430 1487 propius
1443 1416 1586 1470 0600οι000
1597 1411 1678 1467 Luae

328 1496 386 1566 jam
404 1493 510 1552 Lunam
529 1497 841 1570 trahentem'sequetar,
860 1499 1046 1571 praepollente
1064 1501 1125 1572 ejus
1142 1498 1169 1552 vl
1187 1497 1221 1554 ob
1239 1496 1481 1568 propinquitatem.

435 1577 480 1632 78.
497 1575 578 1632 Initio
597 1578 706 1648 quidem
725 1592 829 1648 parum,
846 1587 876 1634 st
892 1579 1015 1650 proxime
1032 1578 1138 1633 Lunam
1156 1576 1235 1632 valde
1252 1575 1377 1646 multum,
1399 1581 1431 1630 ot
1449 1571 1543 1629 statim
1562 1567 1679 1636 sequitat,

330 1657 396 1712 item
418 1671 515 1726 parum
539 1656 615 1711 utilis
638 1655 720 1726 plane
742 1656 810 1712 nihil
834 1657 1032 1727 annitentibus,
1058 1657 1176 1713 nitentes
1199 1671 1263 1710 vero
1286 1669 1387 1726 corpus
1410 1653 1509 1708 tollere
1534 1649 1617 1707 etiam
1633 1653 1680 1700 lun

329 1735 417 1806 juvat,
436 1751 498 1790 cum
517 1733 606 1790 adhuc
623 1735 709 1792 Terra
727 1735 893 1807 praepollet:
923 1737 992 1792 Vide
1010 1749 1092 1806 surpra
1110 1749 1181 1789 num
1200 1734 1243 1790 62.

433 1813 477 1869 79.
496 1811 566 1868 Vide
585 1830 657 1868 num.
677 1815 719 1882 67,
739 1813 781 1885 68,
800 1817 844 1874 69.
880 1815 980 1872 Videat
997 1829 1060 1870 vero
1078 1813 1178 1881 viator,
1204 1819 1235 1868 ut
1259 1810 1681 1892 01010001οι010000000000οοΙ

333 1890 413 1956 nevit,
432 1897 463 1946 ut
481 1889 563 1946 etiam
582 1891 735 1962 expergisci
753 1895 849 1963 possit.
879 1895 1018 1964 ⁴tllegoria
1034 1893 1079 1949 hio
1097 1893 1241 1963 probatam
1258 1890 1420 1947 medicinam
1437 1889 1570 1960 propinat
1586 1883 1629 1954 iis,
1645 1897 1683 1951 qm

333 1969 495 2039 virginitatis
513 1977 577 2026 voto
596 1980 661 2028 sunt
679 1970 802 2028 obstricti
820 1981 916 2030 contra
932 1980 1022 2030 motna
1046 1972 1202 2030 naturales:
1229 1970 1446 2042 speculationem
1464 1968 1613 2030 intentam,
1632 1977 1684 2018 cor·

330 2051 441 2120 tinuam,
461 2055 640 2106 aestuantem.

435 2131 478 2188 60.
499 2130 579 2200 Quod
604 2146 689 2201 supra
712 2149 785 2188 num.
804 2135 828 2190 6.
848 2147 991 2204 corporum
1015 2139 1128 2188 naturae
1153 2129 1232 2187 valde
1249 2128 1394 2187 adversum
1412 2135 1441 2184 et
1458 2125 1617 2191 10101100οι,
1639 2121 1685 2176 int

331 2209 508 2281 impossibile.
756 2263 761 2278 ,
1654 2235 1658 2247 ·

434 2289 477 2345 61.
497 2288 729 2346 iucundissimum
747 2291 822 2360 mihi,
840 2292 934 2348 eadem
952 2307 1023 2362 pene
1041 2292 1124 2347 verba
1141 2308 1185 2348 me
1202 2290 1231 2345 in
1249 2287 1400 2346 Plutarcho
1415 2287 1475 2356 jam
1492 2281 1627 2341 10000100.
1681 2355 1687 2368 ⁸

437 2369 478 2424 62.
498 2367 567 2436 Quia
586 2369 698 2439 spiritus
716 2370 890 2425 tenebrarum
908 2369 1050 2440 dicuntur,
1069 2377 1099 2426 ut
1116 2386 1199 2439 supra
1216 2385 1290 2424 num.
1310 2371 1352 2425 55.
1377 2366 1433 2423 Sed
1455 2362 1592 2434 allegoria
1609 2359 1689 2415 ἱιὶιιιιι

332 2461 382 2518 per
400 2447 524 2502 umbram
544 2455 685 2516 comparat
705 2449 922 2503 observationem
945 2448 1098 2518 eclipsium,
1124 2447 1181 2502 Soli
1204 2447 1315 2515 negotia
1336 2444 1463 2515 politica,
1487 2441 1615 2498 arvernia
1636 2453 1688 2493 nm·

332 2525 421 2583 brosis
439 2525 535 2582 Lunae
554 2541 691 2582 secessum
711 2533 739 2581 et
758 2526 867 2581 umbrae
886 2527 1076 2596 scholasticas,
1095 2541 1185 2582 morae
1203 2526 1231 2580 in
1249 2525 1373 2580 cavernis
1393 2522 1615 2594 speculationem
1631 2529 1689 2572 000-

331 2595 473 2670 tinuatam,
494 2603 732 2660 observationibus
750 2604 892 2673 eclipsium
910 2605 1089 2661 insistentem.
1125 2605 1194 2660 Erat
1212 2603 1277 2659 mihi
1295 2603 1400 2670 Pragae
1418 2601 1569 2668 habitatio,
1596 2598 1625 2652 in
1643 2607 1691 2664 qm

332 2681 423 2739 nullus
443 2681 559 2750 angulus
578 2682 668 2752 aptior
686 2681 869 2739 observationi
889 2683 1012 2740 diametri
1031 2683 1110 2752 Solis,
1129 2699 1210 2753 quam
1228 2683 1298 2738 calla
1316 2681 1491 2738 cerevisiarius
1509 2679 1691 2740 subterranea.

334 2779 369 2820 ex
388 2761 466 2832 cujus
485 2762 569 2818 fundo
587 2761 777 2831 perforamen
796 2761 911 2817 sublime
928 2764 1023 2818 tubum
1036 2762 1256 2832 astronomicum,
1275 2761 1304 2817 10
1316 2760 1422 2831 Opticis
1436 2759 1618 2828 descriptum,
1636 2749 1692 2808 din'·

332 2857 396 2912 gere
418 2858 477 2898 sum
501 2841 598 2898 solitus
623 2843 650 2897 iu
669 2842 760 2898 Solem
784 2840 963 2897 meridianum
981 2841 1076 2896 diebus
1099 2840 1298 2896 solsdtialibus.
1335 2839 1390 2896 Sed
1408 2838 1484 2894 banc
1506 2843 1618 2908 partem
1634 2831 1692 2886 alle·

330 2920 422 2991 gorius
440 2919 523 2975 latius
542 2918 645 2990 diducit
662 2935 790 2976 numerus
809 2921 854 2976 66.
872 2935 988 2991 sequens
1007 2919 1195 2988 (desideratur).

437 2998 481 3054 84.
500 2997 580 3066 Quod
598 2997 630 3052 iit
648 2997 692 3054 dia
711 2998 735 3054 7.
756 2997 841 3052 0016.
860 3005 925 3068 post
944 2998 1056 3069 eclipsin
1075 2999 1178 3067 Lunae,
1197 3005 1229 3055 ut
1245 3000 1326 3058 inira

437 3077 480 3132 65.
500 3074 656 3131 crebriores
676 3075 747 3130 Solis
767 3091 848 3144 qnam
866 3077 961 3134 Lunae
979 3079 1106 3134 eveniunt
1123 3077 1223 3134 totalea
1242 3077 1377 3136 deiectus.

438 3155 481 3211 86.
500 3155 592 3210 Locus
610 3170 694 3223 supra
706 3157 749 3211 55.
770 3155 933 3224 explicatius
951 3158 1115 3227 propositus.
1151 3157 1207 3213 Sed
1225 3159 1261 3214 ad
1278 3158 1438 3230 allegoriam
1454 3156 1478 3212 si
1497 3153 1635 3214 traxeris.
1653 3147 1695 3203 dt·

335 3232 465 3302 ciceiam
482 3233 601 3287 victssim
618 3232 819 3303 praedictiones
838 3235 978 3304 eclipsium
997 3235 1132 3307 solarium,
1150 3235 1286 3294 derivatas
1298 3252 1333 3292 er
1346 3235 1548 3306 speculatione,
1568 3244 1641 3300 quae
1653 3227 1694 3282 ob

334 3312 481 3370 servationi
499 3311 678 3380 deliquiornm
697 3311 832 3369 lunarium
849 3314 982 3371 innititur.

437 3393 481 3448 67.
501 3389 530 3445 61
548 3399 591 3446 est
609 3391 681 3447 enim
699 3399 731 3447 nt
749 3392 948 3448 semidiameter
966 3391 1037 3448 Solis
1055 3391 1090 3447 ad
1107 3393 1333 3451 semidiametrum
1347 3392 1421 3449 orbis
1434 3390 1557 3457 Saturni,
1576 3389 1619 3444 aic
1633 3385 1697 3440 haec

335 3469 369 3526 ad
388 3469 617 3527 semidiametrum
635 3469 759 3541 fixarum,
778 3481 809 3528 nt
827 3488 844 3527 a
861 3471 944 3542 priori
964 3471 1062 3526 deduxi
1081 3471 1136 3541 Ep.
1154 3474 1226 3528 Astr.
1245 3474 1307 3530 Lib.
1320 3473 1371 3526 IV:
1390 3471 1422 3526 fit
1440 3479 1473 3526 ut
1486 3467 1613 3525 Saturnii
1631 3461 1698 3520 coeli

335 3549 533 3606 semidiameter
549 3551 595 3604 vix
612 3549 649 3606 sit
665 3551 707 3606 bis
723 3549 866 3606 millesima
884 3549 1076 3605 semidiametri
1093 3549 1209 3606 lixarum
1227 3551 1375 3622 sphaerae,
1399 3549 1471 3606 coeli
1488 3565 1573 3618 vero,
1598 3547 1627 3600 10
1646 3557 1698 3613 qno

333 3627 419 3683 Terra
437 3643 498 3682 cnm
515 3627 602 3692 Luna,
620 3629 665 3682 vix
684 3627 768 3684 vicies
786 3628 936 3698 millesima,
956 3635 984 3684 et
1000 3628 1103 3684 lunaris
1116 3629 1248 3698 sphaerae
1261 3627 1463 3684 semidianater
1481 3635 1526 3684 est
1538 3641 1608 3697 pars
1620 3625 1655 3696 3}
1667 3619 1699 3675 de

334 3705 534 3762 semidiametro
554 3706 612 3774 jam
638 3705 702 3761 dicti
726 3707 802 3761 coeli.
837 3707 984 3763 variantur
1005 3707 1087 3777 igitur
1110 3707 1252 3762 intervalla
1274 3707 1394 3764 Telluris
1417 3708 1516 3764 afixia
1541 3709 1625 3776 parte
1646 3713 1699 3756 non

333 3785 437 3853 maiore
455 3799 536 3853 quam
549 3791 593 3838 est
608 3782 698 3838 decies
711 3783 861 3854 millesima,
880 3785 975 3841 Lunae
991 3802 1054 3841 vero
1072 3785 1252 3856 digressiones
1265 3787 1399 3856 adjiciunt
1411 3788 1497 3856 hujus
1511 3795 1569 3842 tam
1581 3785 1700 3838 minutoe

333 3861 490 3918 variationis
508 3860 669 3930 particulam
693 3861 801 3920 circiter
824 3864 994 3918 tricesimam.
1030 3864 1074 3919 Ita
1090 3865 1178 3920 omnia
1195 3863 1292 3921 Lunae
1309 3880 1327 3921 a
1345 3867 1408 3921 lixis
1426 3864 1565 3934 digressio
1585 3858 1701 3917 efficitur

335 3942 419 4012 plone
436 3939 606 3997 insensibilis.

438 4021 482 4076 68.
500 4020 570 4089 Quia
587 4020 668 4076 Luna
686 4035 793 4090 semper
811 4020 920 4076 easdem
938 4019 1058 4077 maculas
1077 4021 1111 4076 ad
1129 4036 1179 4077 nos
1198 4019 1316 4077 Telluris
1335 4021 1441 4078 incolas
1453 4021 1604 4088 conserat,
1623 4031 1658 4073 ex
1670 4029 1702 4069 aa

334 4097 520 4168 intelligimus,
538 4097 612 4154 illam
631 4097 772 4154 circumire
790 4098 916 4167 Terram,
934 4096 1045 4166 perinde
1063 4115 1095 4154 ac
1113 4100 1200 4155 011110
1219 4106 1293 4158 esset
1309 4099 1351 4156 itti
1369 4117 1492 4170 annexa,
1514 4107 1543 4156 et
1561 4107 1645 4170 parte
1660 4092 1703 4151 sui

334 4177 476 4249 superiore
494 4191 632 4246 nunquam
650 4175 742 4232 videre
760 4177 879 4243 Terram,
900 4183 978 4245 parte
997 4191 1045 4231 seu
1062 4177 1260 4246 hemisphaerio
1277 4179 1400 4236 interiori
1419 4196 1539 4250 sempor.

439 4255 483 4310 69.
502 4255 545 4310 90.
564 4253 651 4322 Quam
670 4269 720 4309 000
739 4253 851 4310 Terram
874 4251 1055 4324 appellamus,
1082 4253 1198 4310 Telluris
1221 4255 1342 4325 incolae,
1370 4275 1431 4314 eam
1449 4276 1486 4316 er
1505 4254 1704 4327 imaginatione

334 4331 497 4407 populorum
517 4329 653 4389 lunarium
671 4331 751 4387 libuit
768 4331 908 4400 appellare
926 4331 1047 4386 Volvam.
1083 4333 1315 4400 Quemadmodum
1340 4337 1412 4392 enim
1432 4338 1516 4394 nobis
1535 4344 1704 4392 nocturnum

333 4416 467 4473 luminare
485 4412 614 4468 hebraica
631 4411 763 4468 Lebbaaa
781 4409 880 4464 dicitnr
897 4426 914 4465 a
932 4408 1022 4464 colore
1040 4409 1173 4467 albicante
1192 4421 1220 4472 et
1237 4414 1355 4470 dialecto
1373 4415 1508 4472 hetrusca
1527 4417 1577 4486 (ex
1596 4413 1704 4484 punica,

333 4504 366 4552 ut
382 4499 464 4564 puto,
483 4489 614 4560 derivata)
632 4487 724 4558 Luna,
751 4503 849 4559 graece
868 4486 964 4543 Selene
982 4504 999 4543 a
1015 4495 1104 4558 00100,
1130 4493 1203 4560 quod
1226 4493 1392 4551 albicantem
1410 4496 1531 4551 nitorem
1557 4493 1705 4562 signifieat,

236 4583 239 4590 '
334 4572 437 4642 quippe
455 4571 534 4626 nohis
552 4569 580 4624 in
599 4567 685 4624 Terra
701 4567 873 4624 versantibus
891 4565 953 4621 talis
972 4577 1098 4638 apparet,
1125 4571 1164 4624 sic
1182 4571 1261 4625 etiam
1280 4575 1390 4644 populis
1409 4575 1560 4631 lunaribus
1579 4573 1705 4646 appello·

334 4651 436 4705 donem
454 4655 566 4706 nostrae
584 4645 717 4711 Telluris,
743 4660 823 4714 qnam
839 4643 881 4700 illi
898 4643 959 4700 loco
977 4646 1092 4715 alicujus
1110 4647 1204 4704 Lunae
1220 4651 1326 4721 vident,
1350 4652 1385 4708 ab
1404 4655 1595 4724 apparitionis
1615 4652 1706 4725 specis

335 4729 483 4786 derivatam
501 4727 583 4783 tribui
602 4741 653 4796 par
673 4731 722 4780 est.
759 4725 884 4793 Apparet
900 4738 965 4778 vero
982 4725 1017 4779 iis
1035 4725 1131 4794 globus
1156 4726 1207 4784 ists
1229 4731 1257 4784 in
1276 4733 1353 4788 coelo
1377 4741 1517 4803 perpetua
1542 4750 1610 4789 cum
1634 4732 1706 4788 vola·

334 4807 500 4868 1100001000
526 4819 606 4862 saum
624 4817 703 4862 axem
727 4799 905 4874 immobilem,
930 4801 1008 4874 caius
1031 4803 1176 4863 volutionis
1198 4807 1328 4866 indiciam
1352 4810 1500 4868 desumere
1523 4813 1585 4869 illis
1608 4812 1707 4870 licata
