3398 5426
622 370 673 429 111.
691 369 891 428 lassoss.
1306 315 1310 334 ’
1362 370 1425 440 aon

68 553 196 628 regione
218 567 326 612 annum
349 548 386 610 ad
411 555 595 610 venustatem
619 557 846 627 composuerunt
861 554 891 610 et
905 549 1044 609 lectorum
1061 547 1182 623 dierum,
1205 548 1311 626 quihus
1328 547 1427 610 delec-

57 641 224 713 tabantur,
249 655 284 700 er
308 637 391 697 coelo
413 639 498 714 signa
519 649 627 715 petere.
673 637 747 697 Cum
770 639 847 710 enim
870 643 968 698 essent
991 636 1167 714 astrologiae
1191 635 1295 712 dediti,
1320 637 1426 715 depre-

67 725 254 801 henderunt,
287 725 460 786 divisionem
491 723 699 786 duodenariam
722 724 759 785 ad
782 743 890 784 anunm
914 743 1019 798 unum,
1046 727 1097 801 qni
1120 727 1193 784 inter
1216 724 1290 784 duas
1313 726 1425 785 hiemes
1498 741 1503 746 ·

69 815 136 875 365
163 815 267 876 diebus
292 813 428 890 volvitur,
453 821 482 874 et
504 813 590 874 simul
614 815 652 874 ad
675 830 790 875 cursum
805 814 907 874 Lunae
923 830 981 873 non
997 820 1098 872 exacte
1118 812 1270 889 quadrare.
1309 812 1426 872 Placuit

66 905 162 980 igitur
184 902 258 975 illis,
292 903 436 962 rationem
459 903 639 979 confingere,
663 919 723 979 qua
745 903 832 961 simul
855 901 932 960 Solis
956 908 984 961 ei
1007 900 1109 960 Lunae
1131 907 1225 960 rodas
1248 898 1426 977 complecte-

68 997 182 1051 rentur.
227 989 294 1050 Non
316 996 380 1051 erat
401 990 475 1050 haec
497 1007 566 1050 cura
588 991 771 1064 necessaria,
795 997 828 1049 ut
850 987 925 1062 dixi,
948 989 1000 1049 sed
1022 990 1155 1066 speciosa
1178 989 1286 1069 magis,
1312 995 1346 1048 ut
1367 987 1426 1048 hu·
1522 1073 1524 1080 Ι

67 1095 162 1139 mana
184 1077 365 1138 consuetudo
387 1085 532 1152 naturam,
558 1079 656 1156 quoad
679 1077 740 1138 lieri
764 1083 873 1156 posset,
896 1079 1069 1138 imitaretur.

179 1166 254 1226 Cum
269 1167 358 1243 igitur
373 1165 641 1242 deprehendissent,
663 1166 738 1226 inter
754 1167 812 1226 duo
828 1164 990 1242 plenilunio
1005 1163 1067 1224 dies
1085 1163 1147 1246 29}
1162 1164 1311 1239 interesse,
1334 1162 1424 1241 paulo

68 1254 157 1333 plne,
180 1251 258 1314 hunc
279 1253 430 1314 mensibus
452 1253 603 1314 modulum
627 1271 691 1314 esse
714 1254 870 1314 voluerunt
893 1256 951 1326 sic,
982 1259 1014 1312 ut
1036 1252 1140 1312 alterni
1162 1269 1278 1312 menses
1297 1253 1360 1328 jam
1384 1252 1424 1311 29
1539 1241 1549 1298 s

65 1343 130 1419 iam
156 1347 198 1401 30
222 1341 332 1402 dierum
355 1343 588 1402 observarentur.
626 1341 764 1402 Efficiunt
787 1341 874 1418 igitur
899 1347 937 1401 12
954 1339 1122 1417 hujusmodi
1144 1357 1259 1402 menses
1282 1339 1344 1400 dier
1361 1340 1425 1400 354

70 1432 221 1506 integros,
251 1447 318 1490 cnm
344 1435 381 1489 tn
406 1427 573 1492 lunationes
595 1429 739 1509 pauculas
760 1430 848 1494 horas
871 1429 947 1489 ultra
969 1428 1125 1503 adderent,
1152 1445 1228 1505 quas
1251 1443 1310 1488 non
1333 1425 1424 1488 conii-

68 1523 172 1578 cerent
194 1517 252 1577 diei
275 1519 433 1578 semissem.
478 1519 581 1578 Annus
604 1525 702 1578 autem
724 1517 875 1592 hiemalis,
905 1525 939 1577 ut
960 1519 1003 1576 ita
1024 1519 1187 1589 nominem,
1211 1518 1341 1576 confluet
1363 1514 1424 1574 dies

72 1605 176 1690 δεδι,
200 1608 307 1683 exigno
330 1607 436 1665 minus.
481 1605 652 1668 Differentia
675 1605 786 1666 diemm
812 1605 888 1689 ill,
918 1606 1026 1682 quihus
1052 1605 1150 1681 justus
1172 1621 1266 1664 annus
1292 1604 1424 1664 lunarem

69 1699 201 1772 superat.
1178 1703 1180 1708 ·

175 1780 241 1841 Hoc
263 1778 351 1840 modo
374 1795 451 1840 anno
476 1781 620 1861 breviore,
642 1797 731 1857 quam
754 1788 799 1841 eet
815 1780 959 1854 hiemalis,
984 1779 1097 1841 Lunam
1121 1788 1235 1841 tantum
1256 1779 1424 1856 sequeban-
1497 1781 1513 1838 ’.
1570 1771 1573 1778 ’
1662 1841 1671 1870 Ι

70 1877 131 1944 tur3
157 1877 190 1927 ut
211 1876 309 1928 autem
333 1878 362 1928 et
377 1867 455 1927 Solis
478 1885 594 1930 cursum
617 1867 790 1929 adhiberent
802 1875 1005 1946 aestatemque
1028 1875 1057 1928 ei
1071 1867 1195 1928 hiemem
1218 1867 1321 1927 iisdem
1341 1875 1424 1928 tene·

69 1965 134 2017 rent
149 1957 316 2031 mensibus,
339 1957 455 2015 tortium
470 1963 499 2015 ct
515 1956 658 2016 interdum
674 1955 796 2016 alterum
812 1973 957 2034 quemque
980 1973 1089 2015 annum
1111 1955 1271 2033 longiorem
1293 1955 1424 2016 lecerunt

13 2035 17 2046 '
68 2060 128 2103 nno
144 2061 259 2119 mense,
283 2045 334 2120 qul
357 2053 434 2103 essct
449 2044 497 2104 vel
513 2051 553 2105 29
571 2044 617 2106 vel
634 2051 674 2105 80
692 2045 813 2119 dierum,
836 2053 922 2122 proni
945 2061 1115 2106 excessuum
1131 2045 1301 2121 postulabat
1317 2059 1423 2121 aggre-

71 2134 163 2210 gatio.
209 2133 296 2191 linrro
320 2149 378 2190 uno
400 2140 572 2208 supererant
596 2131 658 2218 11}
681 2130 752 2208 dies,
776 2133 868 2193 altaro
892 2131 965 2216 ιη,
988 2134 1073 2192 tertio
1090 2131 1164 2218 332,
1188 2138 1291 2209 quarto
1314 2135 1353 2193 45
1376 2133 1423 2190 in·

71 2223 154 2297 tegra
179 2219 396 2300 paulominus.

175 2307 260 2369 Haeo
282 2310 351 2367 anni
373 2307 447 2366 ratio
476 2305 662 2386 postmodum
686 2307 723 2366 ad
747 2324 846 2367 omnes
875 2309 1009 2368 nationes
1039 2307 1118 2367 orbis
1146 2315 1285 2367 terrarum
1313 2324 1422 2384 propa·

13 2443 14 2446 ,
43 2399 56 2478 J
71 2403 141 2473 gata
162 2395 228 2470 luit,
251 2403 284 2455 ut
308 2401 326 2455 4
350 2396 435 2454 annis
457 2393 608 2455 lunaribus
626 2401 665 2456 45
682 2395 745 2456 dies
767 2395 954 2456 intercalares
978 2401 1176 2472 competerent
1191 2394 1228 2454 ad
1243 2394 1421 2480 retinendam

71 2487 267 2560 quantitatem
286 2483 397 2560 justam
420 2484 487 2541 aunt
512 2483 663 2558 hiemalis3
688 2485 822 2560 quamvis
845 2487 874 2542 ln
898 2483 1086 2544 intercalandi
1109 2485 1222 2543 ratione
1237 2501 1322 2542 suurn
1338 2484 1421 2560 quis-

73 2588 128 2648 que
152 2573 319 2631 institutam
342 2577 459 2630 secutus
481 2571 528 2630 eit.
575 2569 641 2645 Qua
663 2575 693 2629 in
715 2587 746 2631 re
769 2579 851 2630 tanta
874 2580 1031 2632 consecuta
1054 2579 1097 2632 est
1120 2573 1258 2643 varietas,
1282 2579 1314 2630 ut
1336 2567 1421 2630 vidc-

71 2667 156 2718 antur
178 2661 208 2717 in
232 2675 267 2718 ιο
288 2656 454 2717 libertatem
476 2675 559 2718 suam
582 2665 684 2734 gentes
707 2657 903 2720 demonstrare
919 2659 1058 2733 voluisse,
1082 2659 1106 2718 si
1122 2675 1176 2718 suo
1192 2659 1311 2719 arbitrio
1328 2675 1421 2736 quae·
1506 2659 1509 2666 ’
1628 2627 1680 2672 '¹

72 2763 126 2822 quc
149 2763 258 2806 annum
282 2747 478 2805 constitueret.
524 2746 551 2804 A
575 2745 731 2806 Chaldaeis
754 2747 842 2823 igitur
865 2747 902 2807 ad
925 2747 1101 2821 Phoenices,
1131 2745 1367 2807 aPhocnicihus
1391 2748 1419 2803 in

71 2834 180 2894 insulas
204 2843 234 2895 et
256 2831 410 2894 Graeciam
433 2848 469 2892 ea
490 2835 565 2892 ratio
589 2835 704 2894 inrecta
726 2835 790 2894 luit.
838 2835 933 2895 Latini
957 2838 1052 2912 prisci,
1077 2835 1182 2910 quihus
1206 2833 1322 2894 Aeneas
1345 2835 1420 2894 'irc-

69 2921 152 2997 janas
167 2922 306 2998 reliquias
320 2921 493 2995 immiscuit,
511 2919 687 2982 Graecorum
704 2922 799 2981 coloni
815 2933 883 2982 suut
898 2923 1058 3000 eademque
1075 2939 1140 2982 enm
1163 2920 1220 2981 illis
1242 2923 1311 2981 anni
1326 2921 1418 2980 lorrna

71 3010 227 3069 utebantur
256 3015 323 3068 ante
346 3007 470 3067 Romam
498 3009 654 3071 conditam.
705 3008 823 3070 Menses
851 3027 878 3069 ιι.
908 3011 1057 3070 habebunt
1086 3010 1217 3084 lunares;
1248 3017 1421 3086 argumento

72 3103 114 3157 est
135 3098 383 3174 cognatiovocis:
408 3095 558 3171 ,Mensis“
576 3096 699 3170 Latinis,
724 3099 802 3173 quod
820 3097 1084 3173 -Graccisestpqa
1107 3121 1192 3176 pqnc,
1216 3097 1419 3176 siveppvoore,
1537 3133 1538 3138 κ
1593 3083 1596 3090 “

71 3201 214 3262 appensor,
238 3181 381 3261 significo,
405 3183 482 3243 unde
505 3185 628 3244 latinum
650 3201 774 3258 moneo,
805 3187 1002 3260 germanicum
1025 3201 1137 3245 menen:
1169 3203 1203 3244 eo
1233 3185 1311 3260 quod
1334 3184 1420 3244 Luna

70 3269 157 3332 lectos
182 3271 243 3332 dies
267 3279 296 3331 et
317 3273 460 3331 rationem
476 3271 671 3349 agriculturae
687 3280 873 3346 monstraret,
900 3291 953 3333 seu
975 3276 1084 3349 magis,
1109 3271 1187 3349 quod
1209 3271 1320 3348 populo
1343 3273 1418 3332 ratio

71 3363 211 3419 mensium
234 3359 394 3419 sacerdotis
418 3375 491 3419 voce
514 3360 733 3436 significaretur.
772 3361 858 3440 lllqeq
880 3363 982 3438 utique
1004 3362 1166 3436 antiquitus
1189 3359 1303 3420 Lunam
1325 3361 1419 3437 signi-

70 3443 175 3521 ficavit,
201 3453 233 3506 ut
247 3453 277 3506 et
292 3446 388 3505 adhuc
410 3445 498 3507 hodie
515 3447 593 3524 apud
609 3447 771 3507 Germanos
786 3447 876 3509 hliuni
900 3448 1014 3522 dicitur,
1038 3465 1112 3523 quos
1135 3455 1249 3507 constat
1265 3467 1283 3506 a
1298 3447 1419 3508 Graecis
1509 3459 1514 3480 ⁸

72 3533 215 3594 oriundos.
262 3533 393 3594 Alterum
415 3534 555 3594 indicium
577 3535 686 3595 lunaris
709 3537 778 3594 anni
799 3553 889 3612 penes
913 3539 1023 3612 priscos
1046 3534 1168 3595 Latinos
1191 3543 1235 3596 est
1248 3523 1418 3613 ‘appellatio

72 3620 273 3697 Calendarum,
295 3621 454 3696 Nonarum,
479 3622 614 3684 liidunm.
650 3623 726 3682 Nam
742 3623 833 3682 Eidus
847 3623 977 3700 Scaliger
997 3621 1160 3700 appellatas
1183 3625 1330 3685 existimat
1345 3641 1418 3684 noce

13 3759 14 3764 ,
72 3710 286 3788 graecasldoe,
312 3709 350 3769 ad
372 3708 564 3788 plenilunium
586 3710 825 3790 significandum,
857 3713 927 3787 quia
950 3714 1063 3789 species
1085 3709 1188 3770 Lunae
1210 3714 1340 3788 integras
1363 3730 1418 3788 ap-

71 3805 182 3874 pareat3
205 3797 306 3858 Nonas
328 3791 408 3871 vero‘,
432 3799 516 3875 quasi
540 3815 646 3859 nonam
670 3799 746 3860 diem
762 3817 779 3858 a
793 3797 954 3876 plenilunio
976 3806 1062 3874 retro,
1086 3817 1145 3875 qua
1168 3797 1215 3858 dic
1233 3799 1316 3861 Luna
1332 3801 1420 3861 dimi·

73 3883 148 3945 dieta
170 3891 292 3962 apparet
313 3887 438 3961 vesperi.
483 3885 559 3946 Nam
588 3889 660 3947 inter
688 3887 880 3964 plenilunium
911 3894 940 3947 et
963 3886 1170 3964 quadraturam
1200 3903 1289 3964 saepe
1314 3895 1331 3950 8
1357 3889 1418 3949 dics

72 3973 280 4033 interlabuntnr
303 3975 416 4050 integri.
463 3970 611 4035 calendae
634 3993 702 4036 vero
726 3995 744 4036 a
766 3992 873 4056 graeca
895 3991 968 4035 voce
991 3977 1090 4036 aulen
1112 3974 1254 4048 dicuntur,
1279 3993 1315 4036 eo
1338 3975 1417 4054 quod

71 4065 200 4137 tempora
220 4061 372 4138 pontifices
395 4060 531 4137 agricolis
554 4061 615 4123 alta
637 4079 710 4122 voce
724 4063 842 4124 sublata
857 4063 1064 4138 significarent,
1089 4063 1220 4124 Varrone
1244 4071 1327 4124 teste.
1366 4064 1417 4122 In·

74 4152 179 4209 renunt
202 4156 299 4209 antem
324 4155 341 4208 3
365 4147 414 4208 vel
437 4167 581 4209 summum
596 4155 624 4212 ,5
649 4148 711 4210 dies
735 4153 810 4212 inter
833 4149 979 4212 Calendas
995 4158 1023 4211 et
1038 4151 1148 4226 Nonas,
1173 4157 1207 4212 ut
1222 4153 1326 4228 opinor
1340 4149 1416 4225 ideo,

73 4237 136 4310 qnia
150 4237 321 4308 Latinorum
344 4237 504 4314 priscorum
526 4255 642 4298 menses
664 4255 722 4297 uon
746 4256 764 4298 a
786 4239 939 4298 novilunio
963 4239 1126 4315 ipsissimo,
1157 4237 1235 4315 quod
1259 4241 1335 4298 cerni
1359 4255 1416 4297 non
1459 4297 1462 4304 ,

75 4332 174 4401 potest,
198 4323 251 4385 sed
274 4326 407 4402 aprime
432 4327 596 4401 vespertino
619 4325 721 4386 Lunae
746 4331 848 4385 exortu
876 4325 1069 4402 incipiebant,
1099 4327 1178 4404 qnod
1201 4325 1306 4384 Graeci
1330 4347 1418 4402 occu

13 4475 14 4482 Ι
75 4409 176 4486 dicunt,
201 4413 272 4490 qnia
293 4418 357 4471 tum
371 4411 457 4472 Luna
470 4429 610 4489 apparere
626 4445 669 4458 -
685 4418 842 4492 paracodes
864 4445 905 4458 -
930 4415 1039 4491 incipit,
1064 4414 1159 4474 triduo
1177 4411 1223 4472 vel
1246 4412 1346 4486 hiduo,
1371 4415 1417 4470 in·

76 4499 180 4559 ierdnm
203 4499 360 4577 quatriduo
383 4507 450 4576 post
472 4500 674 4575 novilunium,
699 4517 789 4577 saepe
812 4501 900 4561 etlam
917 4501 1021 4564 eodem
1044 4501 1100 4562 die.
1138 4499 1311 4561 Sacerdotes
1328 4501 1440 4576 igitur·

76 4589 190 4661 primum
213 4595 369 4665 conspecta
392 4591 507 4665 vesperi
530 4589 615 4648 huna
643 4587 795 4666 calchant3
822 4589 914 4650 rerba
944 4606 1044 4650 eornm
1069 4588 1152 4667 ,calo
1175 4589 1243 4648 lana
1264 4587 1415 4672 novella‘f,

76 4671 102 4735 h.
122 4693 145 4734 e.
168 4675 299 4736 exclamo
323 4675 408 4735 huna
436 4692 523 4738 nove.
568 4675 616 4737 Ab
640 4693 675 4736 ea
697 4675 782 4752 phasl
811 4677 849 4738 ad
871 4678 972 4738 Nonus
1002 4680 1067 4738 sire
1089 4677 1202 4736 hunam
1234 4674 1415 4737 dimidiatam

77 4770 152 4822 erant
175 4770 203 4840 4,
229 4769 246 4824 5
269 4760 318 4824 vel
343 4770 360 4824 6
385 4761 456 4824 dies.
502 4763 587 4825 Haec
616 4781 706 4826 causa
736 4781 800 4828 esse
829 4765 962 4843 ridetur,
994 4779 1045 4827 cur
1071 4764 1142 4825 Idus
1173 4769 1191 4824 8
1221 4771 1416 4841 numerentur,

76 4845 308 4914 heracleatum
331 4858 351 4913 4
375 4857 405 4913 et
425 4853 570 4915 interdum
594 4858 622 4915 6.
