3398 5426
591 368 639 424 ΙΙΙ.
657 368 854 426 Astronomico.
1106 315 1108 323 Ι
1334 365 1398 436 253

145 551 220 612 Sunt
242 558 339 611 autern
364 550 483 612 tabulae
508 557 525 611 9
544 547 667 621 ordines,
693 559 816 627 quorum
839 552 868 608 in
895 548 1025 608 laciebus
1049 563 1217 623 sexagenas
1240 557 1269 608 et
1291 546 1399 624 gratim

51 638 146 718 plenae
169 638 376 714 intelligendae
400 645 476 700 sunt.
516 639 630 697 Primus
654 638 735 709 ordo,
759 640 808 714 qni
824 637 942 698 Saturni
966 646 1019 708 est,
1043 637 1165 695 retertur
1185 635 1222 696 ad
1239 647 1399 696 extremum

50 726 325 788 meatum-tantitas
347 725 473 784 mobilis.
512 725 664 785 Secundus
688 734 732 784 est
746 723 834 783 Jovis
858 733 887 785 ot
910 725 1031 784 relertur
1054 723 1091 781 ad
1116 723 1254 784 circulum
1278 723 1396 783 tabulae

50 815 168 886 mobilis,
194 817 240 874 cni
260 808 295 896 'lt
316 813 478 888 adscriptus
501 823 555 874 cst.
601 811 717 871 Tertius
740 811 844 871 Martis
868 821 912 872 est
936 811 1025 872 etad
1049 813 1164 870 tertium
1188 810 1326 872 circulum
1351 821 1398 869 ta-

51 902 129 962 bulae
158 900 276 961 mobilis
303 901 433 960 retertur.
479 899 607 977 Quartus
630 900 738 960 Terrae
762 911 791 959 ot
813 899 851 959 ad
874 908 1011 976 quartum
1040 908 1129 975 utque
1160 899 1197 957 ad
1221 917 1396 972 mucronem,

52 994 163 1066 quintus
188 991 308 1048 Veneris
337 989 374 1048 ad
403 991 537 1065 quintum
567 989 728 1064 duplicem,
762 999 832 1048 nota
854 984 880 1064 Q
905 996 1054 1060 notatum,
1077 995 1178 1045 sextus
1202 986 1336 1047 Mercurii
1362 986 1399 1046 ad

51 1093 157 1137 sextum
182 1077 336 1155 duplicem,
360 1088 430 1136 uota
454 1071 479 1156 Q
505 1086 656 1147 notatum,
687 1077 819 1136 reicrtnr.
864 1075 1012 1153 Septimus
1037 1074 1107 1132 ordo
1133 1073 1232 1134 Lunae
1256 1084 1316 1147 est,
1348 1077 1399 1151 qni

52 1166 192 1224 diuersum
218 1167 352 1223 secteris
376 1163 491 1222 titttlnm
516 1165 620 1235 lrabet3
644 1181 711 1221 narn
736 1181 789 1241 pro
811 1167 966 1236 sexagenis
989 1165 1073 1238 signa
1097 1172 1199 1222 notata
1221 1171 1297 1236 sunt,
1323 1162 1399 1222 unde

50 1251 87 1324 stt,
110 1263 141 1311 ut
163 1257 256 1332 prima
280 1254 308 1308 in
333 1267 368 1310 eo
392 1255 482 1310 series
511 1265 693 1310 numerorum
718 1251 754 1309 ad
783 1259 817 1310 ιι
845 1253 956 1322 veniat,
988 1251 1116 1310 secunda
1146 1258 1258 1308 tanturn
1287 1250 1323 1308 ad
1348 1255 1398 1320 00,

52 1359 112 1400 orm
135 1343 162 1398 in
187 1343 291 1400 ceteris
314 1341 404 1397 series
427 1343 519 1416 prima
541 1341 578 1398 ad
604 1345 630 1409 ιι,
655 1338 784 1398 secunda
807 1338 844 1396 ad
869 1344 908 1398 59
933 1346 1075 1412 assurgat.
1120 1337 1235 1397 Deinde
1259 1341 1345 1397 etiarn
1371 1341 1398 1394 in

54 1427 105 1486 lroo
127 1439 171 1487 est
195 1427 359 1497 diversitas,
384 1428 462 1502 quod
487 1430 514 1486 in
541 1429 681 1505 principio
705 1429 772 1484 enni
800 1431 882 1486 tooo
906 1442 963 1484 non
987 1425 1076 1484 ltabet
1099 1425 1208 1498 ligneas
1231 1424 1323 1496 nihili¹
1348 1425 1400 1483 sed

53 1532 219 1593 expressum
243 1531 404 1572 nurnemm.
448 1512 531 1573 Haec
555 1519 653 1573 omnia
677 1513 741 1572 idco
765 1525 847 1585 sunt,
879 1517 947 1589 quia
977 1513 1041 1588 ejus
1064 1516 1148 1588 signa
1171 1524 1200 1572 et
1222 1513 1330 1589 gradus
1354 1515 1400 1569 ln-

55 1603 208 1678 tclligenda
230 1611 298 1660 eunt
320 1600 355 1659 de
379 1604 487 1660 extimo
505 1602 621 1672 circulo,
645 1599 766 1660 zodiaco
789 1601 909 1673 scilicet,
934 1603 983 1677 qni
1008 1609 1101 1658 terrea
1118 1601 1236 1660 britoltio
1259 1608 1354 1676 gestat
1370 1607 1400 1659 ct

52 1692 180 1766 subjecto
206 1691 284 1766 ligno
309 1689 494 1748 immobiliter
517 1689 696 1749 catullinus.
743 1688 876 1748 Refertur
899 1692 998 1763 itaque
1022 1688 1070 1748 ille
1094 1687 1164 1746 ordo
1188 1688 1224 1747 ad
1248 1689 1400 1748 zodiacum

53 1789 79 1837 et
102 1779 242 1850 regulum,
265 1789 410 1853 qttutenos
434 1776 475 1834 illi
498 1775 599 1854 regula
622 1778 709 1834 elfino
734 1786 786 1836 est.
822 1775 953 1835 Octavus
977 1775 1047 1833 ordo
1072 1793 1255 1834 numerorum
1279 1777 1400 1835 rcl'crtut

53 1865 86 1924 nd
109 1876 200 1924 rotam
218 1865 319 1923 Lunae
343 1881 463 1941 parram
486 1875 515 1923 et
539 1865 574 1922 de
590 1866 716 1922 numeris
741 1865 769 1920 in
793 1865 856 1939 ejus
879 1878 960 1940 tergo
976 1865 1098 1938 signatis
1122 1861 1329 1939 intelligendus
1345 1873 1398 1924 est.

52 1952 185 2029 Denique
208 1969 302 2010 nouus
326 1952 396 2009 ordo
421 1961 464 2010 est
488 1952 599 2028 Capitis
623 1952 779 2022 Draconis,
811 1955 860 2026 qni
884 1951 1032 2010 etiatn'ad
1056 1949 1207 2012 zodiacum
1232 1951 1399 2011 relerendtts

53 2051 101 2114 est,
124 2043 260 2116 quamvis
284 2056 334 2116 pro
357 2056 388 2098 se
412 2041 475 2098 sine
499 2041 599 2115 aliquo
622 2039 729 2098 circuio
753 2038 876 2113 intelligi
902 2040 1003 2116 possit,
1028 2049 1058 2097 ιιι
1081 2038 1241 2097 audiemus.

152 2127 270 2188 Utilitas
293 2125 458 2185 tabularum
474 2129 630 2205 separatim
647 2127 894 2185 oonsiderutarrrm
919 2126 991 2185 haec
1014 2137 1066 2197 est,
1091 2127 1169 2202 quod
1194 2143 1228 2185 es
1253 2127 1288 2185 iis
1303 2133 1399 2184 motus

51 2213 227 2292 planetarum
260 2216 332 2272 inter
353 2230 385 2273 se
415 2231 504 2273 causa
528 2215 683 2272 celeritatis
707 2215 904 2273 et.tarditetis
934 2231 1100 2290 comparare
1124 2232 1287 2291 possuntne.
1334 2213 1400 2274 Hoc

52 2313 144 2362 autern
169 2306 222 2363 etsi
246 2305 274 2359 iu
298 2301 424 2360 secunda
450 2311 531 2378 parte
554 2301 718 2360 tabularum
734 2303 908 2373 aeneraliter
929 2302 966 2362 de
990 2303 1124 2361 omnibus
1146 2319 1251 2361 norem
1271 2305 1399 2361 rnotittus

51 2407 146 2448 rernm
170 2399 229 2462 ert,
254 2399 350 2448 tamen
374 2389 409 2448 dc
430 2383 464 2466 ip,
492 2384 527 2470 ‘lp
554 2399 583 2447 et
606 2391 709 2466 Capite
735 2391 889 2462 Draconis,
914 2399 946 2448 nt
969 2389 1005 2447 de
1028 2391 1221 2462 tardioribus,
1253 2393 1281 2448 in
1307 2394 1400 2468 prima

50 2489 128 2553 perte
151 2477 316 2536 tabularum
344 2479 449 2535 rectius
474 2476 533 2534 fleri
557 2485 663 2554 potest.
708 2477 849 2536 Videmus
873 2480 967 2552 enim,
990 2469 1013 2555 i)
1039 2481 1122 2538 annis
1147 2483 1206 2557 60,
1230 2478 1325 2558 Caput
1351 2483 1399 2552 19,

51 2569 77 2638 'li
101 2571 139 2626 te
164 2567 322 2625 circumire.
369 2563 427 2624 Sed
451 2563 523 2623 ltuec
546 2567 657 2640 obiter3
677 2564 740 2640 jam
763 2566 800 2624 ad

564 2723 691 2783 Pristin
712 2725 879 2784 wheoriee

51 2827 229 2890 accedemus.
274 2826 361 2885 lnltio
392 2824 513 2885 docendi
543 2839 611 2884 sunt
641 2828 764 2887 studiosi
786 2829 972 2887 additionem
997 2829 1244 2889 astronomicam.
1290 2827 1399 2888 Notum

11 2969 13 2976 .
52 2923 145 2973 autem
170 2925 231 2982 est,
257 2920 297 2973 60
321 2930 416 2992 scrup.
441 2914 554 2973 cilicete
581 2913 622 2987 1⁰,
647 2915 704 2975 60⁰
727 2933 813 2976 anam
843 2933 1017 2988 sexagenum
1048 2923 1077 2974 et
1101 2923 1118 2974 6
1143 2931 1305 2990 sexngenas
1335 2935 1399 2976 esse

51 3003 188 3076 integrum
213 3002 361 3065 circulum.
407 3002 439 3060 ln
465 3001 564 3060 Lernae
590 3018 658 3060 roro
682 3008 809 3064 numeris
834 3004 890 3064 30υ
912 3003 1039 3062 ciliciuut
1062 3005 1175 3078 signum
1199 3013 1228 3060 ct
1254 3010 1291 3062 12
1315 3005 1400 3079 signo

51 3091 194 3150 circulum.
240 3089 401 3167 Propositis
426 3105 495 3163 ergo
520 3096 537 3150 6
564 3089 608 3148 rel
639 3104 826 3168 quotcunque
856 3093 983 3150 numeris
1015 3093 1137 3149 inricenr
1169 3089 1327 3161 addendis,
1357 3094 1400 3151 sie

50 3178 205 3246 secudum:
231 3180 321 3254 primo
346 3177 517 3236 collocanda
539 3185 606 3234 sunt
628 3180 763 3256 scrupula
788 3181 872 3236 unius
895 3179 1005 3235 tunneri
1028 3179 1082 3236 snb
1104 3177 1247 3254 scropulis
1270 3179 1398 3253 alterius,

50 3264 152 3338 gradus
177 3267 232 3323 snb
256 3264 405 3340 gradibus,
429 3281 593 3340 sexagenas
609 3267 663 3323 sub
680 3269 842 3338 censueris.
883 3265 996 3324 lteiude
1018 3265 1163 3324 subducto
1188 3266 1263 3323 linea
1287 3269 1398 3324 initium

51 3352 207 3410 additionis
230 3352 289 3410 ficri
314 3352 400 3411 debet
424 3371 441 3410 a
465 3352 607 3429 scrupulis
631 3354 667 3411 ad
691 3354 872 3412 sinistram*
892 3353 1012 3412 Snutrna
1040 3353 1239 3430 scrupulorum
1264 3355 1399 3430 ponenda
1427 3418 1431 3431 ‚

51 3449 91 3498 est
112 3444 166 3498 sub
192 3441 308 3510 lineam,
333 3443 357 3498 si
382 3441 467 3500 suerit
491 3443 583 3498 nrirtor
608 3445 662 3514 60;
692 3443 735 3498 sin
759 3443 861 3517 ntrrjor,
887 3441 1051 3518 ponendum
1076 3445 1130 3498 erit
1153 3439 1293 3517 quidquid
1310 3459 1400 3519 supra

52 3533 89 3586 60
112 3528 158 3587 rel
184 3529 229 3585 bis
254 3533 294 3586 60
318 3536 373 3586 etc.
398 3527 543 3587 residuum
568 3530 628 3586 erit.
675 3525 731 3588 Utri
755 3529 912 3588 discessisti
936 3547 954 3586 a
976 3529 1128 3604 scrupulis,
1151 3528 1293 3604 graduum
1317 3547 1397 3587 sum·

52 3632 124 3672 murn
148 3614 282 3674 similiter
305 3615 418 3690 collige.
456 3613 509 3672 Cui
534 3632 665 3674 snrnmae
689 3625 732 3675 tot
755 3618 845 3676 ntldes
871 3617 1004 3688 unitates,
1029 3619 1143 3690 quoties
1167 3617 1342 3692 sscntpnlis
1357 3623 1397 3677 60

13 3759 14 3766 ,
51 3704 179 3777 rejecisti.
225 3703 375 3761 Summam
404 3719 517 3761 omnem
549 3703 661 3761 colloca
693 3706 747 3762 snb
771 3705 885 3774 lincam,
910 3708 934 3761 si
958 3706 996 3760 sit
1019 3707 1111 3761 minor
1136 3709 1193 3776 603
1226 3705 1271 3762 sin
1295 3705 1395 3780 major,

48 3808 99 3866 age
123 3803 155 3849 ut
178 3807 244 3848 cum
268 3790 420 3867 ecrtrpulis.
461 3790 596 3864 Denique
620 3794 707 3850 etiarn
732 3809 893 3868 sexagenas
918 3790 1047 3866 colliges,
1073 3790 1254 3866 adjungens,
1278 3795 1302 3850 si
1327 3791 1398 3868 quid

50 3895 72 3935 a
87 3877 227 3954 gradibus
250 3881 413 3938 accesserit.
460 3877 484 3934 Α
509 3894 622 3935 srnnma
644 3895 853 3954 sexagenariam
878 3897 991 3956 semper
1014 3878 1117 3954 rejice,
1140 3882 1164 3936 si
1189 3889 1270 3938 tanta
1294 3889 1353 3946 est,
1379 3887 1396 3939 6

50 3981 225 4038 sexagenas,
249 3969 319 4040 quia
342 3975 409 4024 sunt
434 3965 544 4040 integer
570 3966 711 4038 clrctrlns3
741 3968 887 4026 residuum
912 3966 1024 4025 colloca
1047 3968 1101 4024 snb
1125 3965 1240 4029 lineam.
1288 3968 1398 4026 Eadem

50 4058 117 4112 ratio
142 4065 186 4114 est
213 4055 239 4109 in
265 4053 355 4120 Lutra,
379 4055 433 4109 nisi
458 4053 535 4128 quod
560 4053 632 4112 liaeo
655 4053 821 4113 adhibenda
844 4055 968 4128 diligens
985 4057 1091 4126 cantio,
1116 4062 1148 4112 ut
1171 4072 1221 4130 pro
1240 4061 1279 4115 30
1295 4065 1397 4115 cetron

49 4157 97 4216 pro
120 4149 160 4202 60
187 4143 327 4200 utritutem
352 4139 473 4216 adjicias
497 4144 644 4216 signorum
669 4159 808 4214 aurumne,
834 4161 923 4218 qnare
946 4159 1060 4200 summa
1083 4141 1224 4217 graduum
1250 4159 1397 4220 ttunquatn

51 4228 133 4288 debet
164 4245 302 4306 superare
328 4233 378 4288 30.
424 4225 497 4285 Item
531 4228 566 4287 de
596 4245 709 4288 eunnna
736 4233 884 4307 signorum
913 4228 1071 4306 rejicienda
1097 4237 1151 4303 12,
1183 4247 1241 4288 non
1266 4237 1293 4291 6.
1339 4229 1398 4290 Sed

52 4314 119 4376 ltcec
142 4321 242 4376 omnia
264 4316 397 4392 exempla
421 4315 575 4375 docebunt.
635 4303 645 4326 ⁸

149 4403 183 4463 In
209 4404 380 4480 colligendis
411 4405 498 4476 igitur
521 4421 555 4462 ert
579 4401 692 4461 theoria
715 4402 786 4462 locis
817 4403 1000 4481 planetarum
1023 4403 1167 4479 generalis
1191 4405 1238 4464 ltic
1261 4414 1306 4465 est
1329 4421 1398 4482 pro-

53 4507 156 4551 cessus.
204 4489 322 4549 lnitium
346 4491 433 4549 dener
456 4507 569 4567 semper
593 4490 652 4549 lieri
676 4491 777 4550 aSole
801 4491 846 4550 rel
870 4513 888 4551 a
910 4491 1010 4562 Terra,
1034 4493 1089 4550 lroc
1112 4503 1216 4570 pacto:
1240 4509 1304 4550 cnnt
1321 4509 1398 4552 anno

51 4581 197 4657 proposito
222 4581 371 4652 ingredere
394 4581 514 4656 primam
530 4566 650 4655 ¹partem
673 4579 845 4648 tabularum,
871 4597 935 4640 cnm
958 4580 1005 4639 die
1022 4583 1127 4639 mensis
1142 4580 1307 4652 secundam,
1333 4597 1398 4640 curn

52 4665 118 4726 ltnra
148 4668 266 4727 tertiam
295 4678 324 4727 et
354 4683 476 4744 excerpe
507 4676 565 4724 tres
594 4681 776 4726 numerorum
810 4668 917 4726 classes
951 4669 1005 4725 sub
1036 4667 1120 4725 titulo
1144 4665 1250 4726 Terrae
1279 4671 1341 4727 sive
1368 4671 1398 4727 in

52 4765 150 4827 quino
175 4755 292 4826 ordine;
319 4761 469 4832 excerptus
493 4771 592 4812 ontnes
616 4752 693 4811 dieto
717 4753 803 4812 modo
820 4755 904 4813 adde.
943 4753 1100 4814 Numerum
1116 4757 1165 4830 qni
1182 4755 1277 4832 prodit
1293 4773 1400 4835 qtraete

51 4842 78 4898 itt
101 4844 216 4904 turona
237 4846 266 4902 tn
291 4843 361 4904 orire
384 4839 491 4902 Terrae
514 4841 704 4918 tabulamque
727 4849 789 4902 tunt
813 4841 862 4902 diu
885 4859 987 4918 move,
1012 4842 1104 4904 donec
1125 4856 1224 4904 nrncro
1248 4841 1400 4924 designato
