3436 5416
637 360 829 468 ¹Colisctauea
845 424 879 464 err
898 407 1036 468 codicibus
1053 409 1289 470 Puiisouisusibus.

876 599 990 690 Caput
1021 593 1077 670 10.
1117 549 1119 560 ¹

738 735 787 792 Da
808 731 947 804 origiue
967 735 1204 795 numerorum.

400 849 445 910 Ex
467 852 572 928 quibus
593 851 655 927 jam
679 850 764 912 dictis
787 856 838 912 vie
859 853 945 913 uobis
968 853 1110 929 aperitur,
1139 852 1176 914 ds
1205 855 1314 932 origiue
1338 853 1488 915 facultatis
1510 865 1644 911 numera-

298 941 376 1000 tricis
399 948 428 998 et
450 955 633 999 numerorum
656 941 783 1018 ipsorum
807 940 913 1001 altiora
935 940 1121 1018 speculandi,
1154 958 1230 1018 quse
1253 942 1421 1018 Aristoteli,
1452 947 1558 1018 utpote
1589 939 1644 999 veri

226 1069 257 1116 ,Ι
298 1029 354 1089 Dei
378 1029 490 1104 ignaro,
514 1035 597 1087 eraut
618 1029 778 1088 inaccessa.

401 1115 516 1175 Etenim
538 1115 758 1178 Platonicorum
789 1119 854 1192 ipsa
883 1115 1060 1191 antiquitate
1088 1115 1329 1176 commendabilis
1359 1123 1421 1176 erat
1450 1116 1526 1177 baec
1549 1113 1643 1193 philo·

297 1202 411 1281 sophia,
435 1202 512 1278 qnod
536 1203 672 1273 dicerent,
696 1204 792 1264 Deum
816 1213 908 1263 totam
931 1216 1026 1262 rerum
1049 1205 1268 1266 universitatem
1292 1203 1459 1282 condidisse
1481 1203 1519 1262 ad
1543 1203 1643 1276 ideam,

221 1307 223 1317 ¹
299 1289 329 1350 iu
352 1291 412 1349 Dei
432 1300 528 1351 mente
552 1291 725 1352 relucentem
749 1296 836 1369 eique
858 1297 1052 1351 coaetemam.
1089 1289 1175 1354 Hauc
1196 1296 1370 1354 sententiam
1394 1294 1458 1351 tuiti
1483 1301 1553 1350 suat
1575 1293 1647 1348 inte

225 1433 228 1442 ,
297 1379 478 1438 Christianos
501 1377 666 1438 scholastici
690 1380 832 1454 doctores,
856 1379 1080 1439 subtilissimum
1101 1397 1194 1457 genus
1214 1380 1464 1458 philosophorum.
1495 1377 1644 1438 Noshant

298 1465 419 1526 caudam
442 1469 623 1536 sentientiam,
648 1476 680 1526 ut
702 1485 737 1527 eo
760 1471 856 1527 miuus
872 1469 1077 1544 impingamus,
1101 1471 1242 1545 tantisper
1264 1475 1410 1540 tueamru,
1435 1473 1467 1524 ut
1491 1475 1643 1538 statuatur,

297 1555 393 1614 ideam
416 1555 505 1626 illam,
531 1554 566 1612 ad
591 1572 677 1630 quam
701 1556 827 1614 muudus
850 1564 895 1615 est
917 1554 1063 1629 conditus,
1087 1571 1145 1614 nou
1168 1573 1233 1616 csse
1255 1554 1402 1614 diversum
1425 1553 1495 1630 quid
1519 1555 1642 1630 abipso

296 1641 371 1702 Deo.
417 1641 482 1716 Quo
505 1644 615 1717 posito,
639 1646 663 1700 si
687 1653 843 1719 quaeretur
866 1662 884 1702 a
907 1643 993 1702 nobis
1017 1659 1107 1702 causa
1128 1659 1312 1703 numerorum
1335 1645 1365 1700 in
1387 1645 1489 1714 rebus,
1513 1657 1566 1700 cur
1588 1643 1643 1699 sol·

297 1729 365 1788 licet
387 1729 512 1787 muudus
534 1745 592 1788 uon
614 1731 654 1790 sit
673 1731 769 1790 iactus
791 1731 848 1790 sibi
863 1734 919 1807 ipsi
935 1729 1125 1808 undiquaque
1140 1732 1298 1804 uniformis,
1322 1737 1401 1791 totus
1417 1738 1446 1790 et
1462 1745 1549 1802 nnus,
1573 1745 1643 1786 nus·

297 1833 385 1894 quam
408 1835 425 1875 a
446 1833 477 1875 se
500 1817 565 1892 ipso
588 1815 779 1894 discmpanst
801 1816 1058 1895 respondebimus,
1082 1818 1178 1878 licum
1202 1821 1305 1896 ipsum,
1330 1821 1380 1894 qni
1403 1816 1545 1876 mrunmm
1567 1814 1645 1875 bunc

295 1903 332 1965 ad
356 1921 426 1963 suae
450 1903 666 1979 quodammodo
690 1904 807 1965 deitatis
830 1906 926 1965 ideam
948 1904 1026 1979 ieclt,
1049 1921 1114 1965 esse
1135 1923 1193 1964 uon
1216 1923 1313 1980 unam,
1336 1905 1388 1965 sed
1410 1912 1468 1964 tres
1491 1921 1640 1981 personas,
1701 1980 1703 1985 ,

294 2006 417 2068 cumque
439 1991 594 2052 distinctae
616 1994 674 2050 siut
696 1995 889 2070 proprietates
912 1995 942 2050 in
958 2009 1017 2051 una
1031 1993 1246 2070 simplicissima
1269 1993 1325 2052 Del
1341 1995 1475 2066 essentia,
1500 2009 1555 2070 per
1570 2009 1642 2067 quas

183 2104 186 2113 ·
292 2095 417 2156 persona
440 2077 535 2138 didam
556 2097 575 2138 a
596 2093 736 2156 persona,
766 2079 892 2156 ideoque
915 2080 1003 2140 ctiam
1026 2081 1166 2140 muudum
1189 2079 1325 2142 debuisse
1348 2081 1526 2140 differentias
1550 2096 1641 2156 quas·

293 2167 360 2228 dam
382 2169 545 2244 suscipere,
576 2183 628 2243 per
656 2185 730 2243 quas
760 2171 886 2227 inumeris
914 2165 1012 2226 aditus
1039 2167 1198 2244 patefieret.
1244 2169 1358 2227 Etenim
1382 2171 1458 2228 sicut
1479 2170 1592 2227 creatio
1616 2173 1642 2226 et

290 2257 464 2315 sustentatio
488 2262 675 2330 temporanee
697 2253 797 2316 muudi
821 2264 865 2315 cst
880 2257 986 2330 exigna
1003 2254 1146 2329 quaedam
1164 2258 1263 2332 imago
1276 2257 1474 2332 generationis
1494 2265 1640 2328 aeternae,

292 2361 350 2420 qua
372 2351 456 2420 peter
477 2343 571 2418 gignit
591 2340 691 2417 lilium,
716 2351 745 2403 ct
766 2342 962 2421 processionis
986 2351 1130 2418 aeternae,
1155 2359 1213 2420 qua
1235 2345 1358 2420 spiritus·
1377 2345 1414 2404 ab
1431 2353 1557 2420 utroque
1573 2359 1641 2418 pro-

293 2430 384 2490 cedit:
410 2433 450 2490 ita
474 2432 572 2500 etiam,
596 2431 665 2506 quia
688 2431 769 2490 Deus
792 2448 844 2508 per
866 2432 1083 2508 generationem
1106 2439 1135 2490 et
1150 2433 1364 2508 processionem
1389 2434 1522 2489 triuuuus
1546 2437 1591 2488 est
1615 2437 1647 2489 at

292 2518 462 2591 declaretur,
487 2517 553 2576 idco
577 2525 606 2577 et
628 2535 674 2577 res
695 2519 861 2579 mundanae
883 2535 935 2595 per
959 2521 1134 2576 creationem
1157 2527 1186 2580 et
1201 2521 1442 2578 sustentationem
1458 2533 1582 2577 necasse
1599 2521 1642 2575 est

291 2603 421 2664 ffisersas
445 2614 475 2665 es
495 2605 690 2664 numerabiles
717 2607 787 2666 fleri.
834 2605 1048 2678 Veruntamen,
1079 2608 1155 2663 sicut
1177 2607 1256 2665 Deus
1286 2606 1415 2664 inlicitus
1446 2613 1476 2664 ct
1504 2614 1640 2664 aeternus

289 2698 342 2768 est,
366 2703 514 2752 creaturae
538 2702 566 2752 et
589 2691 689 2752 duitas
712 2703 741 2752 ct
763 2702 968 2772 temporaneae
991 2700 1021 2752 et
1043 2694 1072 2749 lu
1095 2691 1176 2752 nullo
1206 2695 1430 2770 comparationis
1453 2691 1547 2770 gradu
1574 2709 1639 2751 cum

291 2779 371 2854 Dee,
396 2782 438 2838 ita
460 2782 548 2839 etism
570 2781 598 2837 iu
623 2779 678 2839 boc
700 2785 846 2857 praesenti
869 2782 987 2858 negotio
1011 2795 1131 2839 neccsse
1154 2787 1212 2853 est,
1236 2781 1292 2840 boc
1314 2780 1461 2840 inlinitum
1482 2779 1638 2840 discrimen

289 2885 361 2938 essa,
386 2867 465 2944 quod
481 2867 571 2941 Deus,
595 2871 728 2943 quamvis
744 2871 836 2928 trinus
851 2871 880 2925 in
896 2869 1038 2945 personis,
1062 2885 1137 2926 uuus
1160 2875 1257 2928 tamon
1281 2876 1325 2928 cst
1347 2872 1378 2926 in
1393 2869 1531 2941 assutis,
1556 2884 1639 2928 crea·

289 2963 371 3014 turae
395 2971 465 3016 uero
487 2971 539 3032 per
560 2958 716 3014 essentiam
740 2965 808 3016 sunt
829 2955 965 3016 diversae
989 2963 1018 3015 ct
1040 2950 1234 3015 numerabiles
1258 2957 1445 3032 ipsarumque
1469 2958 1570 3015 unitas
1593 2973 1640 3016 rs·

208 3095 213 3109 ,
287 3051 390 3119 spectu
413 3043 532 3102 divinae
553 3045 674 3102 unitatis
703 3053 746 3103 est
767 3059 878 3104 merum
902 3042 1045 3103 accidens.
1093 3042 1206 3102 Deinde
1230 3043 1369 3103 divinitas
1397 3047 1425 3101 in
1449 3059 1639 3122 personarum

288 3133 418 3190 trinitate
440 3132 581 3203 subsistit,
606 3147 659 3190 nec
682 3130 757 3190 ultra
780 3139 967 3208 propagatur.
1014 3129 1055 3188 At
1078 3147 1131 3202 res,
1156 3131 1238 3189 initio
1262 3139 1349 3206 capto
1373 3149 1391 3190 a
1414 3147 1468 3189 sua
1491 3132 1640 3190 creatione

288 3216 326 3276 ad
348 3217 620 3291 numerabilitatem,
644 3220 673 3274 in
691 3217 833 3277 inlinitum
849 3237 914 3277 sese
936 3215 1141 3293 multiplicant.
1172 3217 1269 3277 Causa
1291 3226 1344 3290 est,
1368 3220 1438 3293 quis
1458 3216 1541 3276 solus
1559 3217 1641 3277 Deus

289 3307 434 3382 perlectus
458 3313 510 3380 est,
534 3323 579 3364 res
602 3322 702 3364 omues
724 3307 926 3383 imperiectac:
951 3303 1028 3363 unde
1050 3305 1079 3362 iu
1102 3304 1166 3363 solo
1190 3305 1240 3364 iilo
1258 3305 1418 3381 perlectam
1441 3303 1640 3380 pluralitatem

289 3409 479 3469 personarum
502 3391 655 3466 credimus,
679 3401 710 3451 at
732 3397 762 3452 iu
786 3395 874 3453 rebus
897 3398 941 3451 est
955 3392 1123 3466 imperfecta
1138 3391 1300 3468 pluralitas.
1331 3392 1453 3452 Numeri
1468 3395 1547 3452 enirn
1562 3407 1639 3450 nuu-

289 3497 376 3556 quam
399 3481 551 3554 liniuntur,
576 3479 628 3539 sed
650 3497 764 3557 semper
785 3482 886 3556 augeri
908 3487 1047 3556 possunt,
1076 3487 1107 3538 at
1129 3481 1242 3538 trinitas
1266 3496 1301 3539 co
1324 3481 1390 3555 ipso
1412 3478 1527 3552 finitur,
1560 3479 1638 3556 qnod

288 3569 471 3645 principium,
495 3567 622 3627 medinm
646 3576 677 3626 ct
697 3569 763 3626 finis
785 3585 906 3627 numero
930 3569 984 3625 tria
1006 3573 1082 3624 suut.
1130 3566 1205 3626 Vide
1228 3567 1315 3625 iirlst.
1332 3567 1355 3626 Ι.
1381 3567 1425 3626 De
1448 3567 1542 3626 Coelo
1566 3585 1590 3626 c.
1609 3573 1638 3627 1.

393 3655 452 3715 ecc
475 3655 580 3715 clarius
601 3655 674 3715 haec
695 3655 883 3732 philosophia
904 3653 1015 3713 lucebit
1037 3657 1066 3712 in
1090 3653 1256 3730 indaganda
1272 3657 1383 3732 origiue
1404 3655 1557 3714 facultatis
1580 3671 1636 3712 nu·
1715 3654 1716 3657 ’

287 3745 457 3802 meretricis.
502 3743 617 3802 Etenim
647 3748 762 3805 constat
787 3743 873 3802 uobis
899 3757 956 3799 nou
986 3743 1026 3800 ita
1054 3744 1178 3800 tenuiter
1199 3749 1309 3800 tanturn
1339 3759 1391 3820 per
1418 3741 1637 3819 philosophiam

287 3829 479 3903 Platonicam,
504 3830 555 3889 sed
577 3830 665 3888 latius
688 3847 740 3907 per
763 3829 867 3890 Sacrae
890 3827 1017 3901 Litoras,
1041 3827 1187 3887 bominem
1210 3845 1276 3888 esse
1297 3829 1445 3890 conditum
1469 3829 1507 3888 ad
1532 3832 1638 3907 imagi-

288 3933 356 3977 nem
378 3917 537 3995 Deitiieu.
556 3923 583 3990 1,
602 3911 676 4000 ti).
721 3915 777 3976 illa
800 3913 958 3976 similitudo
975 3915 1031 3973 Dei
1048 3916 1076 3972 in
1090 3915 1182 3973 tribu
1200 3919 1300 3991 quaeri
1322 3925 1429 3996 potest,
1452 3923 1506 3976 aut
1529 3920 1558 3975 iu
1574 3933 1638 3976 cor·
1715 3973 1717 3996 ,

288 4021 368 4081 pore,
392 4011 444 4064 aut
467 4008 494 4063 iu
518 4007 624 4078 animo,
648 4007 751 4063 autin
775 4004 942 4064 virtutibus.
989 3999 1020 4060 ln
1045 4017 1164 4077 corpore
1188 4009 1233 4062 est
1255 4003 1450 4062 obscurallel
1475 4003 1638 4063 similitudo
1715 3999 1717 4038 ²

287 4099 317 4153 ct
338 4091 565 4168 generalissima,
590 4092 671 4150 Deus
694 4106 721 4151 n.
740 4109 844 4170 corpus
866 4107 925 4149 non
948 4089 1045 4148 babet.
1083 4089 1185 4148 Potius
1208 4093 1236 4146 in
1261 4107 1380 4167 corpora
1402 4099 1508 4168 regnet
1530 4093 1636 4150 simili-

286 4179 358 4239 tudo
381 4179 480 4239 mnndi
510 4179 560 4238 rel
581 4179 759 4240 animalium.
805 4177 1018 4239 invirtutibus
1049 4183 1077 4236 ct
1104 4178 1189 4236 bouis
1218 4175 1368 4237 habitibus
1397 4183 1426 4237 ct
1452 4179 1636 4254 perlectioue

286 4275 408 4328 naturae
440 4266 557 4342 quidem
585 4285 637 4344 per
665 4285 697 4326 se
721 4276 751 4327 et
771 4269 886 4344 proprie
917 4266 1051 4325 consistit
1081 4263 1155 4324 hacc
1182 4265 1357 4339 similitudo,
1388 4265 1635 4342 quemadmodum
1715 4277 1717 4336 ι

285 4355 365 4414 iliam
388 4357 477 4415 ctiam
499 4353 628 4430 theologi
651 4353 851 4430 considerant,
874 4351 1007 4412 sednon
1031 4357 1073 4412 est
1096 4353 1225 4426 (lesbium,
1249 4355 1318 4429 quin
1342 4352 1445 4414 eadem
1461 4354 1518 4412 Dei
1535 4352 1636 4414 simili·

286 4441 356 4502 tudo
379 4443 508 4519 conspici
531 4449 620 4517 queat
642 4445 729 4502 etiam
752 4445 781 4500 in
805 4437 1008 4513 essentialibus
1031 4439 1220 4499 facultatibus
1250 4441 1353 4514 animi,
1384 4457 1449 4501 cum
1474 4440 1566 4516 (Gen.
1590 4441 1634 4516 9.)
1716 4447 1717 4468 ³

285 4529 373 4589 homo
402 4537 469 4606 post
499 4529 612 4604 lapsum
641 4531 799 4590 etiamnum
822 4527 877 4588 Dei
906 4529 1005 4603 imago
1035 4526 1156 4586 dicatur.
1202 4526 1255 4586 Est
1281 4531 1369 4605 igihrr
1397 4530 1499 4606 imago
1524 4530 1580 4590 lici
1600 4530 1631 4586 in

284 4617 422 4678 facultate
452 4620 611 4691 nutriente,
642 4619 802 4690 sentiente,
840 4623 992 4690 movente,
1026 4614 1078 4673 sed
1108 4613 1203 4674 adhuc
1232 4616 1387 4691 ignobilior
1416 4625 1446 4676 et
1469 4618 1632 4676 communis

286 4706 388 4764 ceteris
418 4705 624 4764 animantibus.
669 4704 839 4780 Intelligeus
867 4711 964 4762 autem
993 4701 1117 4761 incultas
1145 4705 1259 4762 animae
1283 4703 1399 4762 derebus
1427 4712 1558 4764 constat:
1586 4705 1634 4760 iu-

286 4791 404 4852 tellcctu
420 4800 449 4851 et
465 4793 624 4850 voluntate.
655 4789 769 4865 Itaque,
793 4789 870 4866 quod
887 4789 1067 4848 voluntatem
1086 4791 1197 4865 attinet,
1222 4792 1298 4849 sicut
1320 4790 1402 4850 Deus
1425 4799 1469 4850 est
1491 4788 1633 4864 αὖτεξου·
1715 4781 1716 4788 ³

287 4897 359 4957 stoc,
392 4879 435 4938 sic
456 4877 601 4938 homiuem
625 4875 754 4940 condidit
776 4893 841 4937 cum
864 4875 1002 4937 iacultatc
1025 4878 1128 4953 animi,
1152 4893 1231 4955 (guas¹
1252 4877 1356 4938 dicitur
1378 4880 1552 4957 principium
1574 4893 1631 4939 sc·
