3436 5416
309 415 374 489 116
845 407 935 470 Notae
950 409 978 468 J.
996 408 1109 483 Kspleri

310 563 465 662 obumbrat,
490 595 517 648 et
535 591 575 648 sic
593 605 692 662 corpus
711 587 867 646 coutiuuum
885 603 941 643 acu
965 592 1022 650 eat,
1048 581 1187 656 speculum
1211 595 1275 636 vero
1293 575 1471 636 continuitate
1493 573 1616 647 partium
1631 573 1657 627 in

309 670 403 728 eadem
421 669 494 726 linea
512 669 648 726 delinitur.
683 667 774 734 Dicas,
794 675 885 739 guttas
904 665 1024 736 singulas
1048 677 1110 720 esre
1135 659 1241 730 singrrla
1258 658 1386 729 specula?
1416 657 1518 712 Verum
1536 652 1593 707 hoe
1611 658 1658 706 est.

309 752 346 806 st
363 756 395 805 ut
412 765 445 804 ea
463 749 555 806 radios
573 764 751 819 quoscunque
769 745 913 817 superficie
931 761 982 800 sua
1000 742 1128 799 exteriori
1146 745 1177 794 ιιι
1195 737 1307 809 specula
1323 734 1520 806 repercutiant,
1546 730 1586 786 ad
1608 730 1657 784 hoc

308 829 399 885 nullus
418 835 509 886 certus
527 828 635 884 illorum
654 825 800 896 requiritur
818 825 887 880 situs
905 828 1031 893 respectu
1044 820 1124 888 Solis,
1143 817 1245 888 quippe
1262 832 1323 872 eum
1342 817 1396 872 aiut
1408 827 1522 904 corpora
1533 807 1659 866 rotunda

307 909 399 966 Locus
421 923 485 964 sero
509 907 647 964 secundas
670 905 747 962 iridis
765 911 869 961 cenum
890 902 1004 972 requirit
1026 901 1107 956 situm
1131 901 1258 966 respectu
1277 894 1356 950 Solis.
1392 893 1454 982 Non
1471 897 1557 980 igitur
1573 886 1658 974 nubes

309 988 406 1044 iridem
424 989 587 1052 interimam,
605 1002 640 1043 ne
657 993 798 1055 guttarum
816 983 924 1055 quidem
937 999 1047 1040 suarum
1060 971 1585 1066 multitudiuerepercutit.‘Siquaerra
1598 959 1659 1034 qmd

310 1074 404 1142 guttae
422 1073 562 1135 praestent
579 1065 782 1137 repercussibus
802 1065 987 1135 specularibus
1000 1061 1173 1134 promiscuis,
1192 1060 1291 1115 nubam
1304 1055 1395 1124 aspice
1406 1058 1477 1143 antra
1488 1044 1660 1116 complexum

310 1144 401 1214 iridis;
420 1151 506 1200 tutam
525 1145 722 1215 quodammodo
736 1145 839 1202 videbis
851 1145 977 1214 albicare,
996 1143 1059 1213 quia
1073 1137 1234 1213 sphaerulae
1252 1152 1345 1193 omnes
1359 1135 1526 1220 (anteriores,
1543 1124 1659 1182 nedum

310 1223 501 1292 obumbratae)
517 1225 702 1294 repercutiunt
720 1225 789 1280 Solis
807 1225 900 1280 radios
918 1222 954 1278 ad
972 1223 1073 1288 risum,
1095 1227 1151 1273 tam
1175 1219 1240 1273 ioris
1259 1227 1381 1272 convexa
1398 1207 1552 1281 superficie,
1582 1218 1661 1274 quau

312 1317 379 1358 cara
396 1301 485 1372 iutus;
503 1304 640 1373 litamen,
658 1303 705 1372 qui
723 1303 943 1372 repercutiuntur
961 1302 995 1356 ah
1014 1299 1086 1354 intus
1104 1297 1139 1353 ad
1158 1297 1274 1364 oculum,
1293 1290 1414 1349 nondum
1431 1287 1601 1375 colorantur,
1619 1295 1661 1370 3⁸·

312 1398 366 1453 que
385 1382 449 1438 dum
468 1382 591 1454 guttulae
609 1383 751 1453 acquirant
762 1381 843 1438 situm
853 1382 958 1450 iustum
970 1380 999 1434 in
1016 1377 1130 1434 circuitu
1141 1375 1225 1432 iridis.
1250 1375 1338 1429 Extra
1354 1367 1450 1424 iridem
1464 1364 1529 1458 ‘sen
1545 1358 1661 1454 at¹¹¹P¹¹¹¹s

225 1513 227 1522 ,
311 1476 372 1526 non¹
390 1467 482 1530 potest
505 1469 536 1518 ut
556 1461 624 1516 radii
647 1461 681 1515 ab
699 1461 871 1516 interioribus
897 1461 969 1515 cavis
994 1455 1189 1528 superficiebus
1212 1452 1295 1510 semel
1319 1462 1471 1518 repercussi
1494 1450 1614 1534 venrant
1631 1437 1663 1494 ad

313 1539 435 1608 oculum,
460 1541 512 1596 uisi
530 1541 584 1596 alia
601 1542 713 1610 insuper
731 1542 876 1596 accesserit
893 1541 966 1596 intus
990 1539 1176 1608 repercussio,
1200 1538 1274 1607 quod
1292 1531 1324 1588 fit
1347 1534 1375 1588 in
1393 1529 1447 1584 situ
1466 1527 1516 1594 ll}
1534 1517 1662 1592 liffifflbffi

312 1619 448 1674 exteriori.
471 1620 621 1690 Propterea
631 1619 728 1674 albedo
740 1619 787 1676 illa
799 1626 876 1676 extra
887 1617 981 1674 iridem
994 1617 1108 1689 primam
1120 1633 1175 1673 uon
1189 1615 1370 1682 contiuuatur,
1388 1625 1449 1664 curu
1466 1613 1558 1661 nmen
1577 1607 1663 1656 telem

313 1695 468 1752 interiorem
486 1705 602 1769 occupet
620 1713 718 1755 aream.

395 1779 400 1788 '
419 1778 461 1831 71.
481 1775 647 1846 Responsio,
674 1776 708 1831 ad
731 1791 825 1846 quam,
853 1775 943 1847 quoad
966 1776 1136 1832 emissionem
1160 1773 1310 1838 radiorum,
1334 1768 1395 1823 dico
1413 1762 1522 1830 eadem,
1541 1773 1617 1850 quae
1633 1752 1665 1810 td

313 1862 445 1926 quartam.
483 1856 564 1927 Quod
580 1873 643 1914 vero
663 1856 697 1912 ad
715 1857 925 1912 imbecrllitatem
943 1855 1041 1911 caloris
1060 1871 1076 1910 a
1093 1854 1194 1910 lumine
1205 1853 1307 1920 Lunae,
1327 1847 1387 1917 ejus
1405 1859 1488 1932 causa
1506 1839 1540 1932 fi}
1557 1851 1665 1928 mapsa

313 1935 491 1992 transsatione
513 1935 611 1994 aSole
630 1937 662 1994 iu
679 1936 785 1992 Lunam
812 1942 840 1991 et
864 1934 1012 1991 reflexione
1035 1931 1070 1989 ad
1087 1949 1145 1990 uos.
1180 1933 1286 2001 Estque
1309 1927 1354 1982 hic
1380 1912 1666 2014 uvearatrsfhsfflfl

313 2015 385 2070 inter
402 2014 519 2070 calorem
537 2023 565 2070 et
582 2015 720 2070 udonem.
758 2014 838 2070 calor
855 2014 977 2069 omnibus
996 2013 1081 2082 copiis
1099 2012 1207 2067 luminis
1225 2006 1382 2072 intenditur,
1399 2002 1467 2092 risio
1486 2011 1571 2054 nrmra
1592 1993 1667 2050 clan-

314 2100 371 2149 tate
389 2093 470 2148 etiam
490 2093 659 2164 opprimitur,
679 2099 825 2164 propterea
836 2095 863 2150 iu
876 2091 1012 2164 speculari
1028 2106 1191 2164 repercussu
1203 2089 1291 2144 minus
1303 2083 1394 2156 perdit
1405 2095 1475 2137 rrsro
1488 2092 1570 2148 quam
1585 2072 1667 2128 calor·

421 2173 464 2230 72.
483 2175 644 2244 Responsio,
663 2189 732 2243 quae
750 2192 805 2231 uon
823 2172 942 2230 sufficiet
958 2173 1001 2244 iis,
1020 2175 1066 2244 qui
1084 2173 1190 2229 Lunam
1206 2170 1313 2225 iaciunt
1330 2161 1480 2236 speculum.
1498 2156 1563 2248 (tuli
1582 2152 1669 2244 51),Ῑῶ

317 2251 391 2308 doris
409 2251 517 2307 luminis
535 2253 674 2322 msq'orris
687 2260 730 2309 est
747 2254 781 2310 ad
799 2251 952 2309 irradiauda
965 2250 1077 2322 specula
1093 2253 1245 2319 risumque,
1263 2260 1344 2317 quam
1363 2239 1486 2296 colorum
1498 2232 1669 2304 simplicium

420 2331 463 2388 73.
483 2331 559 2400 Quae
577 2349 641 2388 rera
658 2347 741 2388 eausa
759 2348 814 2388 uon
833 2337 882 2385 est
917 2329 987 2386 Vide
1005 2329 1209 2399 responsionem
1228 2331 1286 2380 not.
1305 2323 1338 2379 71
1358 2333 1387 2376 et
1405 2319 1449 2374 st.

421 2411 464 2466 74.
485 2411 562 2467 Haec
578 2427 643 2467 vera
660 2417 815 2468 causaest.
849 2410 918 2465 Vide
935 2410 1140 2480 responsionem
1158 2414 1213 2463 not.
1232 2405 1276 2462 dd.
1475 2475 1483 2488 ·

422 2492 465 2546 75.
483 2490 619 2559 Quorsum
644 2492 712 2548 haec
734 2505 788 2545 rox
805 2487 954 2559 referatur,
977 2505 1034 2545 nou
1050 2489 1143 2561 capio,
1168 2484 1222 2542 nisi
1240 2500 1295 2540 roa
1311 2481 1431 2548 mecm,
1453 2473 1501 2530 ¹²¹⁰
1524 2475 1673 2544 “llum

317 2567 479 2627 detrudatur
494 2568 522 2623 in
540 2569 683 2639 periodum
700 2570 858 2642 proximam.

427 2649 472 2705 76.
490 2647 533 2703 Ad
550 2647 601 2704 has
619 2648 786 2718 objectiones
804 2649 875 2703 inira
892 2645 1069 2718 respondebit
1088 2645 1183 2701 ordine
1201 2640 1367 2698 Plutarchus
1383 2639 1452 2707 ipse.

361 2751 364 2758 ·
425 2729 469 2784 r‘l.
486 2727 580 2782 Visum
603 2734 646 2782 est
668 2727 813 2797 aliquando
836 2744 887 2798 pro
912 2730 983 2782 taor
1004 2725 1149 2795 legendum
1171 2731 1226 2786 tac.
1268 2721 1307 2777 Ει
1328 2718 1383 2774 huc
1405 2712 1562 2769 referebam
1583 2707 1676 2764 locum

318 2805 450 2877 Diogenis
468 2804 579 2872 Laertii,
598 2804 645 2874 qui
664 2806 787 2863 saaca
804 2805 843 2861 ait
860 2807 891 2862 io
903 2808 999 2877 prima
1015 2805 1196 2862 historiarum
1213 2799 1265 2858 boc
1282 2799 1423 2870 aoripsim
1442 2795 1476 2850 de
1488 2793 1677 2861 mma
1716 2839 1717 2860 ι

318 2902 380 2943 carr
396 2887 447 2941 aab
455 2885 583 2956 principe
594 2883 707 2956 Dirryio
725 2886 797 2956 topia
814 2884 847 2940 de
865 2887 938 2940 coelo
957 2884 1103 2952 redderet,
1122 2883 1325 2954 Anwoqorcrrr
1342 2879 1452 2938 diebus.
1470 2873 1577 2964 cerium
1598 2883 1678 2926 vm
1716 2929 1717 2932 ,

318 2981 352 3022 ere
370 2965 509 3036 lapidibus
526 2980 583 3020 esse
600 2965 787 3034 compositam,
809 2981 843 3021 ac
861 2963 1029 3021 vehementia
1040 2964 1171 3019 circuitus
1182 2961 1311 3029 cohiberi,
1331 2959 1405 3014 alios
1422 2959 1557 3009 sorim
1569 2961 1678 3005 m

317 3045 347 3100 oi
363 3046 482 3114 trapetas
504 3045 653 3114 lopeararra
690 3041 739 3098 cni
757 3042 840 3098 altine
858 3049 911 3108 est,
938 3040 1012 3110 quod
1030 3041 1119 3098 Solem
1143 3040 1230 3097 fertur
1252 3039 1355 3096 dixisse
1377 3032 1500 3090 candens
1519 3027 1629 3084 terrum
1647 3039 1679 3078 ac
1716 3107 1717 3110 Ἴ

317 3123 427 3190 penitus
451 3120 567 3190 iquitm
590 3126 619 3174 et
635 3119 824 3190 Peloponneso
847 3122 990 3191 majorem,
1016 3121 1121 3178 Lunam
1146 3119 1303 3178 habitacula
1327 3116 1356 3170 iu
1374 3127 1405 3168 aa
1422 3110 1526 3166 habere
1545 3115 1576 3163 et
1594 3103 1680 3198 cullei

318 3205 348 3254 et
364 3196 464 3266 valles;
484 3205 512 3252 et
533 3196 608 3267 quod
626 3197 686 3252 aliia
705 3200 862 3256 auctoribus
880 3201 1017 3269 Diogenes
1040 3202 1170 3256 traditum
1193 3205 1301 3264 narrat,
1325 3195 1403 3250 illum
1421 3189 1566 3278 lapidem,
1577 3201 1628 3255 (111ι
1646 3180 1681 3236 “¹

320 3277 425 3346 caprae
442 3275 547 3331 fluenta
565 3275 680 3342 decidit,
706 3279 897 3349 Anaxagoram
915 3293 950 3332 ex
969 3277 1033 3332 Sole
1050 3295 1176 3334 casurum
1193 3275 1378 3348 praedixisse,
1404 3284 1492 3339 eaque
1510 3273 1625 3321 mirone
1643 3277 1681 3316 ur-

318 3355 431 3412 ductnm
449 3355 617 3426 Euripidem,
636 3355 722 3426 ipsius
743 3357 912 3427 discipulum,
930 3359 958 3412 in
976 3357 1071 3412 fabula
1082 3357 1245 3426 Phaetonte,
1263 3354 1354 3412 Solem
1372 3364 1484 3408 auream
1502 3345 1617 3415 fllssbffl
1636 3355 1683 3433 Ψ

317 3433 445 3505 pellasse.
480 3437 522 3490 De
545 3435 599 3490 hoc
623 3451 688 3491 casu
706 3435 745 3491 sie
763 3436 857 3492 scribit
875 3435 1036 3494 Aristoteles
1054 3435 1200 3492 Meteorol.
1216 3437 1248 3492 L.
1269 3439 1292 3492 1.
1314 3451 1337 3490 c.
1357 3435 1385 3490 70
1421 3430 1482 3501 0¹⁴0
1506 3433 1636 3495 mm
1653 3437 1682 3476 '¹¹
1717 3500 1718 3503 Ἴ

318 3513 528 3585 Aepospotcaris
549 3516 646 3571 cecidit
668 3517 741 3585 iupis
763 3531 797 3570 ea:
819 3521 896 3582 aire,
920 3531 939 3569 a
956 3515 1058 3584 spirita
1074 3515 1198 3570 sublatus
1222 3514 1321 3572 recidit
1340 3515 1408 3583 post
1432 3509 1512 3564 diers-
1550 3505 1591 3558 At
1611 3512 1683 3592 ‘13¹⁸‘
1716 3539 1717 3548 ι

318 3609 380 3649 cum
399 3593 499 3664 prodat
514 3594 677 3652 Aristoteles
695 3603 823 3664 tanquam
848 3596 882 3650 de
906 3610 936 3649 re
954 3609 1019 3650 suae
1042 3594 1140 3650 aetatis
1159 3600 1188 3648 et
1205 3591 1365 3660 memoriae,
1389 3583 1553 3655 suppeditat
1573 3596 1684 3650 conjec·
1716 3609 1717 3612 =

318 3675 415 3736 turam,
427 3688 476 3740 pro
483 3672 590 3741 Dimrlo
603 3672 747 3743 legendum
755 3671 874 3742 Diphilo,
886 3673 933 3740 qui
945 3670 996 3727 luit
1007 3671 1118 3728 Archon
1130 3671 1245 3728 Athenis
1258 3664 1526 3739 olympaxxxw.
1540 3677 1620 3717 anno
1634 3658 1683 3714 ΠΙ

318 3747 352 3802 iu
369 3749 566 3820 Hyperaspiste
590 3765 651 3806 meo
675 3766 768 3805 rocem
787 3749 942 3805 Aristotelis
960 3767 1060 3814 rvaa
1082 3751 1166 3806 sumsi
1190 3766 1241 3820 pro
1268 3749 1367 3819 spiritu
1390 3747 1495 3802 nitroso
1521 3743 1552 3798 in
1578 3743 1684 3798 Terrae

319 3828 453 3885 meatibus
472 3829 601 3885 concluso
621 3837 649 3884 et
667 3828 798 3885 violentia
817 3828 966 3897 eruptionis
979 3827 1097 3898 lapidem
1109 3827 1244 3898 trudente,
1262 3836 1294 3883 ut
1311 3827 1343 3883 iit
1361 3824 1444 3880 hodie
1461 3824 1491 3880 in
1510 3819 1684 3877 bombardis.

319 3904 375 3962 Sed
393 3907 458 3974 quia
476 3907 528 3977 ait,
551 3913 617 3976 post
635 3907 706 3961 diem
725 3922 806 3962 unam
824 3906 968 3974 recidisse,
993 3905 1186 3975 intelligendus
1211 3907 1282 3963 sorte
1300 3907 1353 3962 erit
1372 3904 1406 3960 de
1424 3903 1554 3974 pridiana
1572 3899 1686 3956 insolita

320 3993 463 4042 ventorum
481 3985 611 4055 procella,
630 4002 701 4055 quae
719 4001 786 4040 saue
803 3991 833 4040 et
849 3987 925 4054 ipsae
944 3985 1033 4040 solent
1051 3986 1146 4042 crebro
1164 4001 1226 4042 esse
1244 4002 1306 4042 cum
1324 3992 1416 4040 terrae
1433 3989 1520 4040 motu.
1545 3980 1686 4052 Lapidem

320 4069 413 4119 tamen
430 4065 460 4119 in
477 4064 583 4120 eoelum
601 4067 675 4122 nulla
692 4079 811 4134 unquam
829 4063 922 4120 intulit
934 4070 1075 4120 reatuum
1087 4064 1209 4135 procella
1225 4064 1255 4121 in
1271 4064 1358 4119 libero
1371 4067 1451 4130 aere;
1472 4061 1587 4129 signum
1600 4060 1686 4130 igitur

320 4141 418 4199 luisset
436 4143 556 4198 secutae
574 4159 680 4212 causae,
700 4159 780 4212 quam
798 4162 849 4215 ego
869 4145 933 4200 dixi.

424 4223 526 4276 Verum
544 4220 721 4291 relinquenda
734 4231 776 4278 est
787 4223 934 4279 Plutarcho
953 4239 1003 4278 sua
1014 4221 1104 4290 lectio,
1122 4238 1185 4277 uam
1202 4221 1278 4290 loqui
1290 4221 1399 4278 ridetur
1412 4221 1447 4281 de
1459 4220 1556 4278 iabnla
1571 4218 1686 4276 Graecis

321 4301 445 4355 omnibus
463 4297 690 4368 celebratissima,
713 4300 748 4356 de
773 4319 827 4372 qua
845 4302 884 4357 sic
902 4301 1007 4356 Natalis
1027 4301 1122 4356 Comes
1140 4301 1325 4372 dipthologiae
1343 4301 1404 4358 libr.
1424 4303 1487 4358 VII.
1526 4302 1688 4357 Memoriae

315 4379 444 4450 prodidit
469 4375 648 4449 Chrysorroas
664 4377 711 4434 lib.
730 4381 765 4434 11.
783 4381 975 4450 Peloponnes,
999 4379 1152 4446 Jaaones,
1182 4396 1243 4436 east
1269 4381 1303 4436 de
1325 4381 1448 4438 Hercule
1472 4395 1584 4438 same
1607 4381 1689 4436 aedri

320 4459 492 4530 suppliciam,
509 4457 622 4513 Ιιιιιιαιι
639 4457 671 4512 irs
690 4459 826 4513 cantiam
845 4459 979 4526 mouisse,
998 4457 1165 4513 semissibus
1181 4458 1294 4529 uesicis
1310 4477 1405 4531 asum
1424 4467 1509 4532 otqroe
1521 4461 1574 4516 riis
1587 4461 1689 4516 dau

321 4539 420 4607 (avorsa
437 4536 518 4604 torte,
536 4535 647 4606 etquid
666 4536 689 4589 ai
707 4537 847 4605 uternmi)
865 4553 963 4607 spano
980 4537 1114 4608 implevit,
1132 4553 1214 4608 eqao
1231 4546 1316 4594 natm
1333 4541 1376 4596 iso
1390 4541 1612 4610 aucam,
1628 4539 1689 4610 pri·

322 4633 384 4672 sias
410 4617 537 4673 loborans
560 4616 697 4672 Herculis.
732 4615 808 4669 Nost
827 4629 900 4683 puer
917 4614 1007 4672 oddae
1023 4633 1159 4672 aaaomra
1179 4616 1211 4671 16
1228 4618 1270 4673 oei
1287 4618 1336 4686 18,
1359 4635 1423 4674 casa
1440 4625 1511 4675 meet
1528 4619 1637 4674 aenas
1654 4617 1689 4672 ub

322 4695 522 4766 Amphitryone
545 4695 584 4750 od
605 4701 791 4751 omentorum
813 4695 978 4764 modion,
1001 4697 1104 4750 boam
1125 4695 1212 4764 harre,
1236 4713 1298 4752 caat
1321 4705 1452 4754 arsaeatu
1475 4715 1531 4754 arro
1553 4699 1690 4765 haurit,

322 4775 448 4844 marcia
470 4775 673 4844 impenetrabili
689 4774 776 4844 pelio,
800 4772 945 4828 intermisit.
981 4772 1095 4826 Videtur
1120 4789 1204 4828 eausa
1221 4774 1344 4846 fabulae,
1369 4777 1446 4847 quod
1469 4777 1541 4833 mari
1564 4777 1690 4845 undique

322 4857 433 4918 praeter
448 4850 578 4908 iathmm
596 4853 686 4910 emota
702 4851 917 4923 Peloponnesus,
935 4867 985 4908 nec
1003 4851 1145 4923 credibile,
1162 4853 1301 4910 hominurn
1320 4873 1406 4928 opera
1422 4859 1566 4916 invectum
1585 4853 1690 4916 animal
