3436 5416
617 433 861 492 LMatbcmatica.
968 491 969 498 χ
1353 437 1419 512 147
1527 381 1559 486 ,ἱ

62 618 109 670 tus
124 610 248 682 lepisti.
265 609 363 681 quibas
380 623 554 666 mammarum
570 607 706 666 theom
723 607 870 680 explanare
887 606 1031 680 audehat,
1049 608 1101 680 qui.
1113 608 1182 668 nihil
1199 610 1234 670 td
1253 611 1419 680 ,inumata
1536 606 1540 614 “

25 705 30 710 ·
60 692 128 747 ues“
146 691 212 748 illas
229 690 343 748 indunt.

404 864 466 964 Iic
498 863 846 964 Quantitatibns
877 862 1061 964 libelli.

616 1034 874 1102 numentum.

164 1149 286 1212 Libro
316 1152 442 1229 primo
471 1150 602 1214 mesmes
630 1151 667 1212 do
694 1152 923 1230 quantitatibus,
947 1155 1092 1229 quatenus
1114 1157 1182 1212 suat
1206 1149 1236 1211 lu
1259 1151 1413 1231 praedica-

55 1245 159 1301 mento
183 1240 365 1316 quantitatis.

165 1326 287 1387 Libro
309 1323 476 1387 secundo
500 1327 535 1389 de
559 1327 785 1404 quantitatibus,
806 1332 951 1404 quatenns
965 1332 1034 1387 sunt
1049 1329 1078 1387 in
1102 1335 1207 1406 quarta
1221 1330 1324 1406 specis
1339 1344 1417 1406 qna·

57 1415 165 1490 litatis,
189 1431 293 1493 nempe
316 1413 352 1473 dc
374 1413 474 1492 figuris
496 1431 654 1493 earumque
676 1415 861 1492 perfectione.

164 1502 286 1562 Libro
316 1503 428 1562 tertio
458 1501 495 1562 de
525 1504 755 1578 quantitatibus,
790 1509 935 1579 quatemus
967 1503 996 1562 lo
1027 1501 1266 1581 praedicamenta
1293 1502 1414 1565 relatio-

55 1591 103 1650 nis
127 1597 209 1650 suut.
239 1591 381 1662 (librili
401 1599 430 1649 et
447 1592 495 1652 111.
515 1583 729 1663 desiderantur.)

567 1762 686 1844 hllcr
720 1762 893 1844 Primus.

650 1929 764 2018 Caput
796 1923 825 1999 l.

362 2075 413 2134 ne
435 2072 633 2144 Discipitnta
656 2073 871 2135 theoremata
892 2074 931 2137 ba
952 2075 1095 2134 seam.

162 2185 336 2246 Aristoteles
372 2185 447 2245 libre
481 2186 577 2262 primo
606 2185 875 2264 Metaphyeioorum
905 2185 1001 2265 capite
1032 2187 1125 2265 primo
1163 2188 1411 2264 comparationem

4 2333 6 2336 .
50 2273 277 2354 disciplinarum
301 2275 427 2332 instituit
449 2273 547 2348 talem,
570 2281 603 2333 ut
626 2273 770 2350 quasdam
784 2279 963 2354 dempsterus
977 2273 1063 2347 dicat,
1087 2272 1230 2349 quasdam
1245 2295 1412 2354 superarcane.

48 2362 97 2420 Ex
125 2363 235 2437 quibus
258 2363 484 2440 praestantiores
507 2363 550 2421 ait
572 2379 636 2421 esse
661 2361 844 2423 theoreticae.
880 2361 986 2439 ltaque
1010 2359 1258 2440 contemplativae
1274 2365 1411 2422 scientiae

47 2457 162 2528 postea
184 2448 348 2509 subdividit
370 2451 399 2507 iu
423 2457 490 2522 tres,
515 2466 589 2525 quas
613 2449 670 2508 boc
693 2449 792 2510 ordine
815 2459 959 2522 recenset,
983 2449 1414 2528 Mathematicam,'Physleam
1523 2511 1527 2520 ,

47 2546 81 2598 st
104 2535 339 2613 'l‘baologiaam¹
374 2535 476 2596 Solent
502 2537 603 2612 ltaque
631 2535 780 2615 disputare
802 2535 983 2616 plriloscphi,
1013 2553 1158 2614 quaenam
1188 2553 1224 2597 cx
1251 2536 1301 2596 his
1320 2540 1412 2598 tribus

46 2627 90 2684 sit
117 2623 339 2701 praestantior?
377 2622 622 2704 Respondcndum
645 2634 744 2686 autom
768 2634 813 2685 cst
836 2625 985 2685 bilariam:
1017 2628 1230 2703 primumcum
1255 2627 1317 2702 ipso
1343 2625 1412 2684 Arl-

46 2712 170 2771 stotelis
193 2719 291 2771 textu:
321 2715 347 2772 si
371 2713 535 2788 subjectam
558 2715 656 2791 ipsam
679 2715 857 2787 intueamur,
883 2714 984 2789 utique
1007 2713 1208 2790 pretiosiorem
1231 2729 1297 2772 esea
1320 2711 1412 2786 illam,

46 2816 134 2876 qnae
157 2801 236 2859 muca
256 2803 536 2878 praesttntissimum
564 2817 657 2876 genus
688 2818 782 2860 rerum
806 2809 947 2862 versatur.
993 2800 1092 2877 Atque
1115 2799 1171 2860 hoc
1192 2801 1310 2858 nomine
1333 2799 1410 2878 phy-

45 2890 115 2946 sica
139 2889 264 2948 scientia
286 2887 433 2967 postrema
455 2890 525 2962 erit,
549 2887 716 2964 theologica
739 2905 869 2960 summa,
893 2881 1100 2946 mathematica
1114 2885 1302 2947 intermedia.
1334 2887 1410 2946 Nam

46 2976 108 3034 atsi
132 2977 162 3033 in
186 2976 424 3036 omnium'irium
438 2975 580 3051 subjectis
597 2975 758 3036 divinitatis
781 2975 937 3054 plurimum
954 2977 1061 3048 existit,
1085 2973 1188 3034 eodem
1212 2975 1277 3035 luco
1293 2975 1410 3034 Aristo-

45 3061 120 3122 telis
144 3063 340 3137 tmnfieaoto,
363 3069 459 3122 tamen
481 3061 555 3121 libro
578 3065 672 3140 primo
696 3063 966 3141 Metaphysicorum
990 3080 1053 3141 cap.
1079 3068 1109 3122 6.
1131 3061 1234 3147 laudat
1256 3060 1409 3122 Platonem

45 3149 249 3229 phileswhus
272 3153 426 3226 (concessa
442 3148 484 3207 illi
499 3167 551 3227 por
566 3149 740 3228 hypothesin
764 3150 903 3229 pecrrliari
927 3150 1059 3211 doctrina
1078 3167 1133 3209 sua
1155 3149 1193 3211 dc
1206 3149 1304 3224 ideis),
1329 3148 1410 3227 quod

46 3241 130 3299 inter
152 3238 237 3298 ideas
259 3245 290 3297 et
312 3238 432 3298 serraliis
452 3237 550 3296 medio
573 3233 639 3298 loco
661 3241 801 3299 interesse
824 3239 1032 3298 mathematica
1053 3245 1175 3310 statuat,
1198 3251 1275 3316 quaa
1298 3256 1317 3298 a
1339 3255 1407 3298 sen-

4 3391 5 3400 ,
45 3325 159 3386 sitibus
195 3342 232 3385 co
254 3324 403 3399 differant,
430 3323 510 3401 qaod
535 3327 712 3404 sempiterna
734 3333 764 3386 et
786 3326 946 3386 immobilia
973 3329 1046 3400 sint,
1077 3327 1115 3385 ah
1138 3325 1214 3385 ideis
1242 3341 1312 3386 raro
1345 3329 1410 3386 sire

47 3413 229 3491 speciebus,
252 3413 333 3489 quod
355 3429 389 3472 se
409 3413 481 3489 ipsis
503 3411 561 3474 bae
583 3413 716 3488 singulae
739 3430 828 3472 unum
852 3411 922 3490 quid
944 3413 1128 3474 solummodo
1150 3415 1222 3486 sint,
1245 3413 1410 3476 mathema·

47 3503 115 3560 tica
140 3517 213 3560 vcro
235 3501 328 3559 multa
351 3507 380 3559 et
402 3502 458 3558 sibi
481 3500 596 3561 similia.
630 3501 673 3560 Er
696 3517 756 3577 quo
778 3501 843 3560 loco
860 3499 1024 3577 colligimus
1047 3498 1086 3573 id,
1110 3499 1189 3577 quod
1211 3503 1320 3578 passim
1335 3502 1407 3562 alibi

4 3643 6 3654 ,
47 3588 233 3648 Aristoteles
260 3587 386 3647 inculcat
408 3587 571 3663 subjectum
600 3589 834 3662 mathematicas,
864 3587 1036 3648 intermedio
1063 3586 1129 3647 loco
1152 3604 1216 3647 esse
1239 3590 1313 3649 inter
1335 3589 1408 3648 sub·

4 3717 6 3758 ᾇ
43 3677 164 3753 jectum
192 3675 329 3754 physices
351 3681 382 3734 ct
403 3675 569 3751 theologias
596 3677 658 3735 sire
681 3671 905 3753 metaphysices.
949 3675 1024 3735 Nam
1047 3675 1265 3753 metaphysicus
1294 3676 1408 3755 simpli·

46 3766 171 3824 maiore
194 3763 358 3839 subjectum
375 3777 461 3822 sunm
476 3779 566 3822 cauea
582 3763 912 3837 essentiae‘considerat,
937 3771 1083 3840 qnatenus
1104 3780 1137 3822 se
1161 3766 1223 3842 ipso
1239 3764 1405 3840 subnixum,

44 3861 205 3912 amanum
228 3859 258 3910 at
280 3857 378 3909 motus
398 3867 503 3929 erpere
526 3849 554 3909 id
578 3860 630 3923 est,
654 3850 875 3910 mathematicus
898 3867 967 3910 vcro
989 3867 1074 3914 suum
1097 3850 1262 3911 considerat
1285 3852 1407 3929 subjec-

42 3947 109 3999 tum
135 3956 230 3999 musa
251 3938 434 4014 quorumdam
456 3937 657 4010 accidentium,
681 3955 757 4015 quae
780 3939 913 4014 subjecto
937 3939 979 3997 illi
1002 3941 1123 3999 seorsim
1147 3947 1323 4018 competunt,
1349 3957 1406 4000 non

42 4023 250 4104 quatenusid
274 4025 524 4104 simplicitatibus
547 4025 672 4102 aliquid,
705 4025 757 4086 ssd
786 4033 930 4102 quatenus
961 4037 1102 4103 quantum
1132 4035 1186 4088 eet.
1234 4027 1407 4088 considerat
1443 4067 1447 4074 κ

4 4133 5 4160 1
42 4124 148 4174 mntem
173 4112 203 4171 id
226 4111 416 4172 nihi-lominus
438 4114 523 4190 quasi
546 4121 704 4188 aeternum,
728 4122 824 4174 motus
847 4131 949 4192 expers
972 4121 1002 4175 ct
1024 4113 1170 4191 gencrale,
1195 4115 1409 4175 abstractuma

41 4200 221 4262 sensilibus.
267 4201 307 4259 ht
329 4201 469 4280 physicus
489 4200 654 4277 subjectum
676 4219 761 4262 sunm
784 4219 874 4262 causa
896 4209 994 4261 motus
1016 4201 1181 4262 considerat
1210 4201 1339 4280 quidque
1361 4201 1404 4260 illi

44 4297 201 4367 quatenus
224 4295 359 4348 moretur
381 4286 512 4362 accidat,
532 4305 603 4365 quo
631 4291 747 4350 nomine
771 4299 800 4348 et
823 4289 860 4349 ad
882 4289 1001 4349 sensilia
1023 4293 1142 4368 propios
1165 4290 1280 4350 accedit
1302 4297 1332 4351 et
1354 4307 1407 4349 ca·

4 4441 6 4446 ,
43 4377 159 4438 ducam
182 4383 272 4452 atque
294 4375 405 4436 fluxum
428 4373 527 4436 allicit.
567 4375 640 4436 Cum
663 4381 763 4454 itaque
786 4376 842 4436 hoc
865 4379 957 4454 primo
976 4389 1109 4456 respectu
1132 4377 1406 4438 sitmathenraticss

40 4466 219 4543 subjectam
245 4463 344 4523 aredio
370 4462 436 4524 loco
459 4466 534 4523 inter
555 4465 731 4541 reliquarum
753 4463 976 4526 thematicorum
1005 4466 1152 4542 subjecta,
1186 4464 1289 4526 codem
1318 4467 1406 4526 etiam

4 4543 5 4556 ¹
39 4553 113 4615 loco
138 4551 336 4612 censebuntur
359 4553 440 4629 ipsae
463 4551 610 4614 scientiae.

157 4639 275 4699 Deinde
290 4643 314 4698 si
329 4639 551 4717 amplitudinem
566 4637 763 4716 subjectorum
780 4638 1007 4713 consideremus,
1031 4639 1254 4720 methaphyslca
1277 4646 1407 4718 praestat

4 4753 5 4758 ¹
41 4727 196 4802 omnibns,
221 4729 291 4803 quia
313 4727 477 4804 sabianum
500 4727 599 4798 habat
623 4726 702 4804 quod
725 4742 839 4788 omnem
858 4727 1157 4806 praedicamentorum
1181 4727 1403 4806 amplitudinem

4 4817 5 4828 *
40 4825 188 4896 superat,
210 4822 388 4893 pervagatur
409 4821 438 4875 at
460 4813 677 4892 complectitur,
701 4815 759 4874 Ens
782 4833 907 4892 namque
923 4823 966 4876 ast
983 4833 1071 4876 uuum
1094 4833 1130 4876 ex
1155 4815 1403 4876 transscendenti-

40 4905 112 4967 bus.
161 4901 304 4982 Phyrites
328 4919 397 4963 vero
419 4909 449 4963 et
471 4899 691 4964 mathematicas
714 4902 849 4980 subiecta
879 4912 1019 4980 quantum
1042 4904 1079 4965 ad
1102 4902 1261 4980 singularis
1283 4911 1312 4965 et
1333 4920 1402 4963 scm·

1144 5005 1195 5062 10'
1262 5024 1265 5032 ·
