3436 5416
352 393 384 451 ln
400 392 513 458 menn
530 395 671 456 Plutarchi
689 397 723 454 de
741 397 824 458 Facie
841 397 870 454 in
888 395 961 453 Orbe
979 393 1083 494 Lunae.
1161 450 1163 458 ,
1328 383 1393 460 1οὙ
1494 353 1496 356 ¹
1576 387 1688 472 ,Η

58 584 97 624 ιιι
111 567 218 630 tollitur
235 550 388 642 aequalitas
413 573 575 644 angulorum
598 571 762 632 incidentiae
785 581 814 632 ct
830 571 987 632 reflexionis
1005 587 1054 644 per
1069 569 1141 628 hanc
1159 565 1395 640 amplificationem
1486 647 1526 656 „,
1561 635 1566 650 „
1586 545 1691 672 {3¹⁵7}er

56 649 163 720 imaginis
181 651 210 707 ιιι
228 652 342 722 speculo
361 669 436 710 carc.

143 730 221 786 Alias
240 732 263 787 si
282 731 431 788 doctrinam
447 733 536 804 ipsam
555 736 731 806 catoptricam
745 733 954 799 consideremus,
972 733 1058 800 Lucio
1074 731 1131 801 J'am
1149 730 1230 787 silere
1245 729 1332 797 jusso,
1352 741 1392 782 er·
1489 749 1531 776 .·
1602 723 1679 822 4ἰ,’

57 823 93 864 ror
107 809 214 866 omnino
233 817 277 866 est
294 827 350 868 non
367 814 444 882 parvi
461 816 591 870 momenti
608 817 636 870 in
655 816 781 872 doctrina
798 814 865 880 hac,
885 821 916 871 ut
933 820 975 871 est
993 811 1040 866 illa
1057 809 1136 865 nobis
1153 807 1249 864 relicta
1266 805 1300 861 alr
1319 811 1394 860 ante·

56 889 209 960 mmoribus;
231 897 261 946 at
279 891 302 946 is
320 908 375 948 non
393 892 421 948 in
438 893 505 960 hoc,
531 893 579 950 sed
598 895 627 950 in
645 894 699 950 alla
716 894 804 948 vicina
821 899 912 963 parte,
939 893 1003 949 dum
1021 889 1080 946 scil.
1099 889 1189 944 locum
1207 886 1330 954 imaginis
1349 887 1394 942 de·

56 965 137 1026 iniunt
155 984 206 1038 per
218 985 381 1026 concursum
393 971 461 1026 radii
474 973 566 1028 visorii
584 990 646 1030 cum
664 972 891 1044 perpendiculari,
910 987 980 1040 qnae
999 987 1033 1026 ex
1051 975 1153 1039 puncto
1171 964 1269 1022 risibili
1287 964 1396 1020 ducitur

55 1045 249 1115 insuperlicem
267 1048 352 1116 illam,
371 1065 442 1119 quae
459 1050 578 1108 reflectit
587 1053 692 1108 radium
706 1052 861 1122 quemlibet,
879 1057 971 1106 mente
983 1051 1179 1108 continuatam:
1198 1061 1287 1114 neque
1304 1053 1396 1100 tamen
1498 1079 1501 1088 «

56 1140 150 1180 censam
169 1126 318 1196 legitimam
336 1129 499 1199 producunt,
519 1148 568 1187 cur
585 1131 638 1188 hoo
655 1133 695 1188 ita
714 1133 829 1201 eveniat,
849 1131 897 1187 sed
916 1131 969 1186 hcc
987 1131 1089 1200 ipsum,
1114 1125 1187 1197 quod
1206 1125 1307 1192 dicunt,
1324 1125 1396 1178 inter

55 1205 174 1276 principia
192 1209 343 1278 campanica
368 1209 426 1266 sine
444 1207 501 1264 ulla
523 1207 684 1268 limitatione
702 1218 852 1268 assumunt.
888 1211 969 1268 Hunc
986 1223 1105 1266 errorem
1130 1219 1181 1276 ego
1199 1201 1350 1259 rationibus
1368 1207 1396 1257 et

58 1285 240 1354 experimentis
258 1291 323 1346 ante
343 1303 429 1344 annea
446 1285 481 1344 26
499 1285 528 1340 in
546 1286 651 1358 Opticis
670 1289 794 1358 coargui,
814 1289 922 1344 axioma
939 1287 1065 1355 limitari,
1091 1291 1118 1341 et
1136 1299 1191 1354 qua
1208 1287 1285 1352 parte
1302 1296 1397 1336 verum

56 1369 97 1428 til.
113 1365 174 1432 eius
192 1381 290 1422 causas
307 1367 448 1424 naturales
465 1367 566 1437 aperui
603 1366 683 1435 Quod
700 1384 764 1427 vero
782 1383 837 1422 non
855 1368 891 1423 sit
909 1367 1017 1422 axioma
1039 1363 1109 1420 illud
1130 1359 1296 1427 uniuersale,
1318 1357 1396 1449 potui

55 1457 97 1510 ltr
111 1441 163 1500 hoc
188 1443 280 1514 ipsum
303 1445 443 1516 speculum
471 1464 565 1506 carum
590 1456 618 1501 et
637 1463 686 1518 per
709 1447 853 1516 allegatam
872 1464 889 1502 a
906 1447 993 1504 Lucio
1012 1440 1249 1512 amplificationem
1272 1436 1396 1505 imaginis

23 1539 25 1546 ¹
58 1535 195 1589 coarguere
214 1522 321 1580 clarius.
356 1525 425 1580 Nam
445 1535 572 1582 auctores
593 1527 645 1596 ipsi
664 1527 747 1598 cptici
765 1527 968 1584 hallucinantur
986 1522 1187 1582 absurdissime,
1208 1519 1271 1575 dum
1289 1518 1397 1572 axium

23 1595 24 1604 ’
54 1612 122 1654 suum
138 1601 280 1672 applicant
297 1602 332 1659 ad
351 1603 425 1660 hunc
445 1619 547 1662 casum
583 1603 712 1675 Sequitur
730 1607 801 1662 enim
819 1621 853 1660 ex
872 1605 969 1660 vitioso
993 1601 1040 1658 illo
1058 1600 1205 1666 axiomata,
1223 1597 1313 1653 locum
1330 1597 1396 1650 ima·

54 1677 114 1745 ginis
137 1694 221 1750 saepe
246 1681 289 1736 uel
305 1683 334 1736 in
351 1683 412 1752 ipsc
437 1682 591 1754 superficiei
614 1683 790 1755 refringentis
808 1690 911 1755 pnncto
931 1695 1003 1750 esse,
1027 1678 1069 1733 rel
1087 1677 1115 1732 in
1133 1676 1240 1732 infinita
1257 1673 1395 1732 distantia.

55 1757 158 1814 Etcum
177 1757 288 1828 dicunt,
314 1761 342 1816 in
359 1763 421 1832 ipsa
439 1762 583 1831 superficie
602 1763 721 1832 speculi,
744 1763 801 1832 J'cm
823 1763 876 1834 ipsi
899 1764 1051 1832 coarguunt
1074 1773 1152 1814 suum
1175 1755 1290 1812 axioma.
1325 1755 1396 1812 Nam

54 1843 175 1904 puuctum
194 1836 262 1892 illud
281 1837 386 1907 speculi
404 1841 437 1910 R,
455 1840 631 1898 reflexionem
649 1841 761 1910 iaciens,
781 1848 823 1896 est
841 1848 919 1898 extra
936 1836 1189 1912 perpendicularem
1207 1850 1242 1890 cx
1261 1840 1355 1889 centro
1375 1833 1396 1888 0

54 1930 97 1984 ιιι
112 1931 168 1972 rem
187 1915 220 1970 F.
256 1917 423 1988 Interimque
438 1921 570 1978 reclamat
589 1922 764 1992 experientia.
797 1922 825 1977 Si
844 1921 915 1977 enim
932 1918 1126 1989 imaginaretur
1144 1915 1196 1970 sihi
1213 1913 1287 1968 risus
1304 1911 1395 1967 locum

54 1992 87 2048 rel
103 1995 128 2048 in
146 1995 294 2065 superficie
312 1997 430 2068 speculi,
454 2015 509 2054 ιιοιι
532 2000 727 2070 imaginaretur
745 1999 795 2054 sibi
813 1999 887 2054 illam
910 1998 1039 2068 majorem
1058 1997 1119 2065 ipsa
1140 1993 1265 2063 portione
1282 1989 1395 2059 speculi,

54 2087 97 2139 per
113 2089 193 2142 gnam
211 2071 392 2130 reflectuntur
409 2092 501 2136 omues
519 2080 597 2136 radii.
634 2081 720 2150 Atqui
739 2081 772 2135 dc
790 2079 907 2148 imagine
924 2079 1074 2147 loquuntur
1091 2072 1270 2144 amplificata,
1289 2087 1343 2126 non
1362 2069 1396 2123 de
1486 2077 1489 2082 '
1545 2035 1603 2146 ¹1:
1625 2075 1663 2136 ‘1ss31

54 2152 194 2208 imminuta.
230 2151 355 2210 Omnium
378 2172 441 2212 rere
466 2157 691 2216 absurdissimum
710 2166 752 2215 est
770 2157 851 2225 illud,
877 2155 950 2226 quod
973 2155 1083 2209 disertis
1101 2151 1191 2207 verbis
1210 2165 1244 2204 ex
1262 2149 1396 2206 axiomate
1496 2191 1498 2200 ι

53 2229 158 2287 illosne
178 2233 319 2290 deducunt
337 2239 365 2288 et
384 2234 573 2294 demonstrant
591 2244 724 2307 auctores,
743 2237 834 2292 locum
851 2235 975 2306 imaginis
993 2234 1021 2289 in
1033 2233 1086 2288 hec
1099 2247 1164 2287 casn
1183 2245 1244 2286 esse
1260 2229 1397 2284 interdum

53 2315 118 2364 retro
140 2311 175 2365 ab
200 2312 253 2368 hcc
271 2312 361 2369 oculo.
397 2314 469 2382 Quid
488 2322 531 2371 eet
549 2316 615 2386 hoc,
640 2318 729 2384 imago
746 2324 820 2373 retro
838 2315 873 2370 ab
893 2314 992 2370 oculo?
1026 2315 1106 2369 Anne
1125 2309 1221 2368 oculus
1238 2309 1397 2364 facultatem

52 2386 126 2443 hahet
142 2391 309 2460 respiciendi
326 2393 355 2448 in
373 2395 508 2466 posticum
527 2397 644 2466 capitis?
673 2397 717 2454 An
736 2398 879 2468 quisquam
898 2408 1030 2464 unquam,
1049 2395 1173 2463 inspecto
1191 2388 1303 2462 speculo
1321 2403 1396 2456 caro,
1497 2463 1503 2470 ·
1594 2359 1650 2434 ·‘'':

53 2468 226 2538 exclamarit,
244 2486 274 2526 se
292 2472 383 2528 ridere
399 2473 543 2542 imaginem
561 2475 600 2531 rei
623 2476 703 2545 quasi
721 2482 785 2546 post
802 2481 886 2545 caput
903 2474 1001 2530 suum?
1030 2473 1124 2541 Imago
1143 2475 1186 2526 est
1202 2485 1247 2525 res
1265 2469 1342 2534 ficta,
1362 2467 1396 2522 si·

52 2547 224 2604 militudinem
242 2549 347 2608 habens
365 2553 413 2622 rei,
433 2551 482 2608 sed
500 2553 628 2610 aberrans
647 2571 664 2610 a
682 2554 906 2624 circumstantiis;
925 2567 988 2622 pars
1006 2552 1090 2622 hujus
1108 2551 1232 2620 imaginis
1251 2555 1294 2606 est
1310 2547 1396 2618 leena,

51 2625 115 2681 circa
135 2643 219 2696 quem
242 2635 314 2684 errat
336 2629 434 2700 imago.
470 2631 497 2684 Is
516 2631 592 2687 locus
611 2647 718 2701 semper
743 2633 771 2687 in
790 2648 849 2687 eam
867 2629 976 2700 plagam
994 2638 1048 2702 est,
1071 2632 1099 2686 in
1123 2645 1204 2700 qnam
1228 2626 1395 2686 convertitur

51 2703 147 2772 pupilla
165 2705 240 2760 oculi
265 2713 293 2762 ct
310 2707 338 2763 in
358 2709 510 2777 quesitum
533 2711 686 2782 speculum,
711 2711 785 2782 quod
804 2711 899 2768 oculus
919 2710 1037 2780 inspicit.
1066 2709 1105 2766 Et
1122 2717 1215 2764 tamen
1233 2707 1287 2764 hec
1303 2706 1398 2762 absur-

24 2809 25 2824 ι
50 2780 108 2836 dum
125 2783 237 2840 omnino
256 2787 381 2854 sequitur
398 2801 432 2843 ex
449 2788 558 2846 illorum
576 2788 720 2848 οιιοιιιοιο.

147 2865 181 2920 In
200 2864 339 2922 schemate
356 2869 507 2935 praemisso
525 2871 562 2927 ιιι
579 2871 602 2928 F
620 2887 665 2928 res
683 2871 745 2941 ipsa
761 2877 835 2927 retro
854 2871 889 2926 ab
902 2870 988 2928 oculo.
1010 2869 1136 2926 Ducatur
1153 2882 1188 2924 cx
1201 2867 1221 2924 c
1235 2873 1328 2924 centro
1342 2864 1396 2934 CF,

54 2942 285 3012 perpendicularis
305 2959 343 3002 sc.
361 2945 390 3000 in
408 2949 579 3017 superficiem
593 2967 686 3008 caram
703 2952 737 3020 R,
756 2966 827 3020 quae
844 2947 1036 3006 refractionem
1053 2946 1165 3003 iecerat.
1197 2947 1226 3002 Si
1242 2945 1320 3001 locus
1331 2945 1397 3000 ima-

48 3021 111 3087 ginis
129 3029 173 3078 est
191 3023 220 3078 in
233 3039 367 3080 concursu
385 3024 468 3096 hujus
485 3030 718 3102 perpendicularis
732 3030 802 3086 CFN
819 3047 882 3086 cum
893 3029 979 3084 visira
991 3029 1048 3092 Oli,
1067 3034 1141 3084 certa
1160 3027 1214 3084 hae
1226 3025 1296 3082 duae
1308 3024 1398 3080 lineae

52 3098 142 3158 inhoc
160 3118 229 3160 casu
246 3103 381 3158 interdum
399 3105 530 3162 incedunt
548 3107 697 3180 parallelae
716 3115 743 3162 et
762 3114 927 3164 concurrunt
944 3107 972 3164 in
990 3105 1121 3163 distantia
1143 3105 1261 3173 infinita,
1285 3102 1339 3158 hoc
1357 3107 1400 3158 est

50 3195 196 3253 nunquam
221 3180 359 3238 interdum
384 3194 549 3242 concurrunt
567 3187 690 3256 quidem,
710 3185 758 3242 sed
781 3202 876 3243 versus
894 3185 1003 3256 plagam
1020 3185 1066 3242 OC
1084 3191 1157 3242 retro
1176 3185 1210 3240 ab
1229 3181 1323 3247 oculo,
1343 3197 1399 3237 nou

50 3257 74 3312 in
91 3258 245 3316 adversum.
279 3261 392 3318 Falsum
415 3264 498 3335 igitur
515 3266 543 3323 in
561 3265 614 3322 hoc
639 3283 706 3324 casu
730 3265 865 3336 reperitur
890 3265 996 3320 axioma
1020 3264 1231 3334 cateptnicornm
1254 3269 1282 3318 et
1299 3260 1399 3316 substi-

24 3381 25 3384 ,
53 3339 178 3394 tuendum
199 3347 244 3397 est
262 3357 372 3408 serum,
397 3357 475 3398 amc
494 3343 643 3400 stabilitum
661 3346 689 3400 in
708 3343 826 3416 Opticis:
851 3359 890 3399 ιο.
909 3343 983 3412 qood
1006 3342 1082 3398 locus
1098 3341 1223 3410 imaginis
1241 3339 1320 3395 sitin
1338 3353 1400 3394 con-

24 3453 26 3462 ,
51 3433 126 3474 eursu
150 3419 269 3478 duarum
293 3419 427 3476 linearum
449 3421 611 3480 risoriarum
628 3421 655 3478 ιιι
675 3421 816 3493 speculum
842 3421 1038 3490 egredientium
1057 3436 1090 3476 ex
1109 3419 1216 3476 duobus
1234 3417 1334 3484 oculis,
1357 3415 1401 3472 rel

49 3497 123 3550 ctiam
142 3513 178 3553 ex
199 3499 308 3554 dnobus
326 3497 393 3555 locis
411 3497 556 3570 distinctis,
575 3517 592 3556 a
610 3517 726 3570 quornm
744 3517 798 3557 une
810 3500 839 3555 in
860 3498 943 3554 alium
962 3497 1058 3554 oculus
1073 3497 1154 3554 etiam
1172 3513 1242 3552 nnus
1260 3495 1399 3552 solitarius
1486 3551 1487 3554 ,

24 3623 26 3628 ,
48 3573 205 3642 reciprocat.
231 3575 268 3632 Et
285 3573 380 3629 incidit
397 3576 468 3630 inter
486 3574 657 3634 scribendum
683 3579 744 3648 (etsi
762 3584 824 3634 ante
843 3577 1227 3652 plenamdemonstraticnem
1246 3574 1331 3629 asseri
1343 3590 1398 3630 non

49 3651 125 3710 debet
142 3671 197 3724 pro
217 3655 317 3720 certo),
336 3651 535 3723 elongationem
553 3657 636 3728 hujus
655 3671 806 3714 concursus
824 3657 858 3712 ah
878 3654 957 3712 oculo
976 3670 1130 3712 mensuram
1149 3653 1249 3710 hebere
1268 3653 1400 3723 compesi-

48 3737 98 3787 tam
115 3749 150 3788 ex
169 3733 223 3790 OR
242 3739 270 3788 et
286 3731 344 3800 RF,
365 3734 550 3790 continuatam
569 3751 656 3806 usque
674 3737 700 3792 iu
720 3751 798 3792 sunm
816 3751 977 3792 concursum
996 3749 1057 3789 cum
1075 3732 1130 3792 00.
1154 3733 1214 3788 lloc
1227 3731 1298 3787 enim
1311 3732 1335 3788 si
1347 3737 1399 3802 est,

47 3819 186 3880 sequetur,
207 3813 353 3882 imaginem
371 3812 453 3868 ctiam
471 3827 602 3882 apparere
621 3812 820 3884 quodammodo
839 3829 946 3880 cavam,
973 3817 1066 3882 partes
1084 3827 1123 3870 sc.
1141 3810 1283 3868 interiores
1307 3825 1400 3865 remo-

48 3891 132 3963 tiores,
152 3894 230 3950 eicut
248 3908 282 3947 ex
301 3890 428 3962 opposito
446 3889 475 3945 in
493 3893 620 3948 convexis
635 3892 753 3963 speculis
765 3899 858 3964 partes
871 3891 996 3961 imaginis
1009 3889 1154 3948 interiores
1167 3888 1246 3946 oculo
1259 3889 1401 3960 propiores

47 3979 178 4039 apparent
196 3977 228 4027 et
244 3970 334 4039 imago
353 3984 483 4038 consere,
503 3971 609 4026 etiamsi
628 3971 732 4028 risibile
751 3970 834 4027 inerit
851 3971 970 4041 planum.

143 4051 229 4108 Hauc
252 4049 336 4120 igitur
353 4047 513 4118 particulam
536 4049 746 4120 catoptricorum
770 4050 814 4106 hic
836 4049 967 4106 ventilare
990 4049 1055 4104 mihi
1078 4047 1194 4118 placuit,
1220 4047 1359 4104 admonito
1385 4061 1402 4102 a

25 4191 26 4194 Ἴ
46 4125 133 4200 Lucio,
152 4127 235 4188 alind
253 4127 358 4198 aliquid
376 4124 599 4198 reprehendente,
619 4129 693 4197 quod
712 4144 808 4185 sanum
827 4135 855 4184 et
872 4127 1110 4198 irreprehensibile
1130 4133 1179 4184 cet

143 4209 201 4266 Sed
222 4209 348 4280 relinquo
367 4213 395 4262 ct
412 4204 466 4258 hcc
486 4203 720 4276 considerandum,
740 4223 804 4262 num
823 4206 940 4262 tortasse
957 4205 1121 4262 Plutarchus
1139 4205 1168 4260 ιιι
1185 4217 1304 4275 persona
1320 4201 1400 4258 Lucii

47 4287 85 4344 sui
97 4285 291 4346 hallucinatus
308 4287 337 4342 in
355 4303 387 4342 ec
405 4285 495 4354 inerit,
515 4293 554 4356 nt,
574 4305 634 4344 cum
652 4289 743 4345 locum
760 4289 885 4360 imaginis
903 4288 985 4346 uellet
1002 4289 1216 4360 reprehendere,
1236 4304 1286 4358 pro
1305 4303 1338 4342 eo
1356 4303 1402 4344 ae·

48 4367 201 4440 ιιιιιιιιιοιιι
224 4367 387 4438 angulorum
404 4363 630 4434 reprehenderet,
650 4373 733 4434 atque
752 4367 791 4422 sic
810 4382 885 4423 error
904 4366 976 4422 circa
992 4365 1066 4423 hunc
1083 4366 1173 4424 locum
1190 4364 1317 4436 imaginis
1328 4380 1345 4418 a
1357 4380 1400 4421 me

48 4443 163 4502 detectus
183 4445 272 4504 etiam
290 4446 326 4501 ah
344 4445 461 4516 antiquis
479 4443 561 4501 inerit
580 4445 802 4504 animadversus?
820 4446 853 4502 ld
870 4445 894 4502 si
913 4452 967 4514 eet,
985 4445 1117 4516 mirabor,
1136 4444 1300 4501 exstinctam
1317 4442 1400 4498 inter-

47 4525 127 4582 medio
145 4533 277 4596 tempore
295 4523 379 4582 luisse
396 4525 468 4581 hanc
486 4523 625 4581 doctrinae
642 4531 755 4596 partem,
773 4541 834 4580 cum
846 4521 952 4594 reliqua
966 4523 1117 4594 catoptrica
1128 4521 1163 4579 ad
1174 4539 1225 4579 noe
1237 4521 1399 4594 pervenerit.
1509 4539 1513 4548 ·

25 4595 28 4634 7
46 4601 97 4656 Imo
114 4603 210 4673 potius
232 4618 287 4658 non
304 4603 429 4662 mirabor.
465 4607 536 4665 Nam
554 4608 614 4678 quis
632 4607 660 4662 in
678 4611 755 4663 tanta
773 4603 835 4662 luce
850 4603 1001 4674 literarum,
1021 4609 1099 4660 tanta
1117 4601 1271 4660 curiositate
1283 4599 1400 4671 publica,

46 4697 90 4752 per
105 4681 158 4740 hes
176 4683 216 4742 25
236 4697 322 4738 annos
341 4685 454 4756 exstitit,
473 4685 520 4756 qui
539 4701 658 4742 errorem
677 4700 694 4741 a
710 4699 753 4740 mc
772 4684 987 4740 demonstratum
1005 4682 1047 4738 rel
1059 4686 1221 4752 agnosceret
1239 4679 1282 4736 rel
1299 4681 1327 4737 in
1340 4696 1400 4737 aca-

46 4759 133 4818 demiis
152 4764 242 4832 inque
260 4759 338 4817 libris
356 4761 553 4833 philosophicis
572 4763 606 4818 ad
624 4761 774 4833 jurandum
791 4759 943 4831 profectum
961 4759 1100 4832 publicum
1118 4759 1312 4827 redargueret?

144 4839 190 4900 22.
210 4837 314 4916 Tangit
331 4840 474 4912 pulchrum
491 4839 585 4902 ludum
604 4841 732 4914 opicum,
751 4839 803 4898 etsi
820 4839 935 4898 retersio
953 4837 1021 4896 haec
1039 4839 1106 4898 nihil
1124 4837 1243 4914 prolicit.
1273 4837 1334 4898 Sint
1345 4835 1399 4896 dno
