3478 5424
326 450 368 520 32
882 451 998 508 loannis
1015 452 1126 522 Keplsri

324 629 412 692 lando
436 629 587 706 accepisti,
613 628 658 690 sei
684 646 719 690 er
735 627 817 690 libris
832 630 965 703 hausisti,
988 629 1092 691 eodem
1107 647 1165 707 quc
1180 637 1212 690 tu
1227 628 1315 689 modo
1338 629 1408 688 mibi
1431 629 1584 688 recensuit
1613 624 1660 684 ln·
1731 632 1733 669 ἐ

324 719 424 798 primis
447 717 526 793 ejus,
551 715 586 776 de
610 733 669 792 qua
694 719 783 778 toties
805 718 876 777 mihi
896 717 983 791 dixit,
1006 719 1134 794 regionis
1157 729 1185 778 te
1209 717 1297 778 velim
1319 723 1513 793 spectatorem
1534 714 1608 790 fieri,
1626 729 1660 771 mc

325 809 438 878 comite,
463 803 552 864 valde
575 807 651 864 euim
675 805 748 866 mire
771 815 847 879 snut,
873 823 949 882 ques
972 803 1008 866 de
1031 823 1067 865 es
1090 817 1198 866 narret.
1242 804 1404 865 [ascanium
1426 795 1644 878 indigitavit⁴²t
1732 842 1733 845 η

430 891 491 952 Nec
513 909 595 952 mors
618 895 779 968 consentio,
803 901 835 952 ut
857 897 1027 970 magistrum
1050 893 1101 953 illa
1122 911 1207 953 arrum
1221 899 1352 952 accersat
1373 899 1402 951 et
1420 889 1567 963 consideo,
1590 905 1661 963 perr·

327 987 373 1040 tus
397 979 434 1040 ad
458 977 634 1040 audiendam
658 989 749 1039 totam
773 987 803 1039 ct
826 983 936 1042 itineris
959 983 1109 1054 rationem,
1133 991 1162 1040 et
1177 981 1303 1056 regionis
1319 978 1552 1056 descriptionem.
1590 973 1661 1033 Tem·

326 1068 463 1144 pusiam
487 1077 549 1128 erat
571 1083 704 1142 remum,
736 1066 820 1126 Lnus
843 1070 1039 1129 crescentem
1062 1085 1187 1142 cornua,
1220 1085 1296 1143 quae
1325 1075 1358 1126 nt
1386 1070 1510 1143 primum
1532 1061 1602 1123 Sole
1620 1061 1663 1120 sub

324 1153 505 1216 horizontem
528 1155 645 1216 condito
667 1157 764 1231 coepit
782 1158 906 1228 enitere,
931 1156 1034 1232 juncta
1055 1155 1191 1232 placetne
1214 1153 1340 1216 Saturno
1369 1159 1397 1212 in
1421 1153 1511 1212 Tauri
1533 1145 1662 1226 siguu⁴⁸t

326 1249 419 1302 mator
441 1244 563 1304 seorsim
577 1260 596 1302 a
611 1260 657 1306 me
680 1260 712 1301 se
734 1245 877 1319 recipiens
887 1239 932 1324 ⁴⁴)
955 1243 984 1301 in
1007 1246 1169 1320 proximum
1185 1243 1296 1302 bivium
1309 1237 1359 1318 ⁴⁵),
1383 1251 1411 1300 ct
1426 1239 1559 1316 pauculis
1583 1237 1664 1296 serbis

328 1327 453 1390 clamore
477 1329 593 1393 sublate
617 1324 842 1406 enunciatis⁴⁶),
866 1333 972 1406 qulbus
995 1332 1164 1407 petitionem
1181 1347 1264 1388 enam
1279 1329 1470 1405 proponebat,
1494 1325 1665 1386 ceremoniis-

328 1435 385 1494 qne
408 1419 533 1494 peractis
555 1412 746 1478 revertitur⁴²
767 1459 774 1490 ‚
797 1425 951 1494 praetensa
973 1417 1090 1478 dextrae
1112 1435 1214 1478 manns
1237 1415 1335 1493 pelma
1354 1415 1501 1476 silentium
1524 1416 1664 1488 imperans,

326 1513 502 1584 propterque
530 1523 576 1564 me
605 1503 715 1564 assidet
771 1550 776 1564 .
822 1505 882 1563 Vix
913 1507 1010 1581 cupita
1037 1507 1168 1565 vestibus
1190 1498 1238 1588 (ut
1268 1509 1442 1562 conventum
1473 1501 1547 1578 erat)
1582 1497 1664 1557 invol-

329 1609 462 1652 veremur
475 1587 537 1674 ⁴⁰),
562 1609 627 1652 cum
649 1609 716 1654 ecce
739 1600 869 1652 screatus
892 1595 1020 1653 exoritur
1041 1592 1159 1654 blaesae
1184 1601 1212 1654 et
1234 1593 1358 1652 obtusae
1375 1584 1513 1670 rocis⁶⁰)
1536 1595 1565 1647 et
1580 1587 1666 1646 metim

328 1680 357 1740 ln
380 1679 457 1742 hunc
480 1678 607 1755 modum,
631 1679 681 1740 sed
705 1677 844 1740 idiomate
866 1675 1025 1754 lelandicc,
1048 1679 1120 1742 iulii.

727 1883 947 1968 Daemon⁶¹)
983 1906 1025 1949 ex
1049 1883 1269 1966 novantem)

430 2007 650 2088 Quinquaginta
677 2009 806 2071 millibus
836 2013 989 2072 miliarium
1014 2010 1252 2072 Germanicorum
1262 2005 1306 2091 ⁵⁸)
1330 2013 1359 2068 in
1382 2007 1508 2067 aetheris
1534 1999 1666 2081 proluudo

325 2097 382 2156 elta
405 2093 503 2178 essm)
527 2097 700 2158 lrevanie
722 2099 834 2176 insula;
858 2102 911 2160 iter
933 2099 970 2160 ad
993 2117 1057 2158 eam
1080 2099 1147 2158 hine
1171 2097 1217 2158 vel
1233 2116 1269 2158 ex
1284 2114 1319 2157 ea
1342 2099 1370 2154 in
1394 2095 1449 2155 bns
1463 2093 1569 2153 Terras
1591 2091 1668 2148 raris·

323 2185 397 2244 sime
419 2179 565 2262 patst⁶³),
598 2192 626 2244 ot
649 2203 714 2246 cnm
737 2193 834 2263 petet,
867 2197 983 2246 nostrae
1005 2185 1124 2263 quidem
1146 2187 1226 2262 genti
1253 2184 1338 2244 tecue
1368 2177 1479 2258 cerff),
1513 2175 1669 2238 hominibus

324 2288 394 2332 vcro
417 2272 648 2348 transportandis
672 2273 758 2349 plane
782 2272 986 2334 difficillimum
1009 2283 1038 2333 et
1061 2291 1125 2332 cum
1147 2289 1260 2332 summo
1284 2274 1362 2331 ritae
1385 2267 1516 2346 periculo
1540 2265 1670 2340 conjunc·

324 2351 445 2436 tum37).
492 2358 571 2420 Nulli
595 2377 612 2420 a
634 2361 720 2420 nobis
742 2359 898 2420 sedentarit
929 2361 1128 2422 adsciscuntur
1155 2361 1184 2417 in
1208 2360 1285 2419 hune
1316 2361 1497 2428 comitatum,
1521 2352 1592 2411 nulli
1614 2365 1670 2410 cor·

324 2445 446 2524 pulentl,
470 2445 541 2507 nulli
565 2445 681 2506 delicati
690 2443 743 2522 ³⁸),
767 2447 818 2508 sed
841 2448 965 2525 legimns
988 2465 1048 2522 eos,
1071 2451 1122 2524 qni
1145 2455 1272 2507 aetatem
1288 2445 1460 2506 veredorum
1484 2440 1601 2500 assiduo
1624 2453 1671 2495 usu

325 2541 513 2608 consumunt,
544 2541 596 2593 unt
619 2535 668 2610 qui
697 2535 822 2594 naribus
852 2536 1016 2612 frequenter
1041 2535 1140 2594 Indiae
1165 2535 1287 2606 adeunt,
1319 2549 1395 2609 pane
1424 2531 1569 2600 biscocto,
1600 2523 1672 2594 allio,

325 2621 454 2698 piscibus
479 2619 588 2680 duratis
612 2629 642 2681 et
665 2622 737 2682 cibis
760 2621 985 2683 abhorrentibus
1007 2624 1141 2682 victitare
1163 2615 1297 2698 sueti59).
1328 2619 1465 2696 inprimis
1488 2617 1572 2676 nubis
1594 2621 1673 2688 aptae

327 2716 397 2768 sunt
421 2707 539 2770 vetulae
563 2703 767 2784 cucusenam),
792 2711 897 2785 quibus
920 2709 988 2770 inde
1003 2727 1022 2770 a
1036 2711 1161 2786 pueritia
1185 2711 1252 2768 trite
1276 2714 1321 2768 est
1342 2709 1427 2780 ratic,
1450 2704 1548 2763 hircos
1563 2709 1674 2759 noctur·

326 2811 396 2868 nos,
419 2803 471 2854 aut
494 2795 603 2868 lurcos,
628 2805 679 2856 sut
702 2797 769 2856 trita
792 2795 883 2872 pallia
905 2796 1086 2874 inequitandi
1110 2794 1332 2871 trajiciendique
1354 2811 1406 2871 per
1429 2793 1569 2851 immunis
1590 2797 1675 2847 terra·

325 2899 388 2942 rum
411 2883 528 3004 spatiodl
562 2881 642 2946 Nulli
665 2899 681 2944 s
705 2881 863 2944 Germania
887 2886 940 2943 viri
964 2887 1025 2961 apti
1048 2890 1133 2957 sunt,
1156 2881 1356 2961 Hispanorum
1376 2882 1458 2941 sicca
1480 2894 1602 2956 corpore
1622 2889 1676 2932 nou

328 2969 492 3048 respuimui
530 2969 552 3046 ).

429 3055 537 3116 Totum
561 3058 623 3132 iter,
647 3065 787 3134 quantum
810 3065 863 3130 est,
892 3065 1016 3133 quatuor
1039 3057 1077 3116 ad
1099 3073 1244 3116 summum
1267 3055 1404 3116 burarnm
1427 3055 1526 3130 spatio
1549 3047 1677 3110 absolsi-

327 3137 433 3220 tnrii).
479 3143 581 3221 Neque
611 3146 688 3204 euim
716 3145 802 3204 nohis
831 3161 946 3222 semper
974 3145 1206 3221 occupatissimis
1236 3151 1325 3204 antes
1356 3149 1471 3202 constat
1496 3139 1532 3200 de
1557 3146 1678 3212 tempore
1708 3138 1712 3151 ¹

327 3225 483 3311 eundl⁰³),
517 3248 605 3307 quam
629 3230 712 3292 Luna
743 3231 781 3291 ab
810 3233 927 3292 orientis
956 3232 1087 3308 partibus
1116 3232 1243 3307 coeperit
1272 3229 1410 3304 deficere,
1441 3244 1518 3304 qnae
1549 3225 1599 3284 ubi
1619 3229 1680 3280 tota

327 3317 447 3392 luxerit,
479 3318 563 3379 nohis
594 3317 690 3378 adhuc
719 3319 748 3376 iu
775 3319 878 3379 itinere
906 3318 1107 3393 haerentibus,
1138 3321 1219 3377 irrita
1246 3315 1376 3377 redditur
1408 3325 1509 3374 nostra
1531 3310 1679 3389 protectio.

328 3403 403 3464 Tam
424 3421 564 3482 praeceps
588 3407 703 3466 occssio
726 3404 822 3479 elficit,
845 3413 878 3465 ut
892 3421 1002 3483 paucos
1024 3423 1060 3466 ex
1075 3405 1204 3465 bumana
1218 3412 1315 3481 gente,
1339 3420 1395 3462 nec
1409 3401 1494 3475 alios,
1519 3401 1576 3458 nisi
1594 3396 1680 3455 nostri

329 3491 601 3552 observantissimus
632 3493 752 3552 comites
783 3487 1004 3568 babeamus⁸⁸).
1061 3493 1138 3569 Ergo
1168 3493 1315 3554 bominem
1352 3489 1482 3565 aliquem
1517 3480 1681 3562 hujusmodi

329 3581 498 3654 agminatim
525 3577 692 3638 invadimus
721 3595 880 3656 omnesque
907 3579 1011 3639 subtus
1038 3581 1178 3652 nitentes,
1208 3583 1236 3638 iu
1266 3579 1358 3637 situm
1390 3595 1457 3636 eum
1489 3565 1681 3651 tollimus⁶⁵).

328 3663 428 3724 Prima
450 3683 584 3742 quosque
607 3664 720 3724 molitio
743 3665 898 3726 durissime
920 3667 977 3742 ipsi
999 3661 1170 3748 accidit⁸⁶)‚
1194 3683 1247 3726 uec
1269 3667 1345 3725 enim
1368 3663 1454 3724 aliter
1476 3667 1626 3738 torquetur
1648 3672 1683 3718 uc

329 3753 354 3812 sl
377 3751 496 3830 pulvere
519 3751 708 3813 bombardico
730 3770 870 3814 excussus
898 3759 1011 3812 montes
1038 3760 1069 3813 et
1089 3755 1182 3813 marie
1203 3759 1332 3812 uacaret
1341 3747 1391 3826 ⁶⁷).
1436 3749 1600 3826 Propterea
1616 3761 1684 3804 usr-

330 3839 431 3900 coticis
453 3847 482 3900 et
505 3840 612 3916 opintie
633 3840 733 3900 statim
755 3841 785 3898 in
807 3843 949 3918 principio
973 3838 1131 3916 sopiendus
1154 3833 1252 3922 est⁶⁸)
1274 3847 1306 3899 et
1325 3837 1510 3897 membratim
1535 3831 1683 3912 explican-

331 3920 444 4003 durii),
466 3943 504 3986 ne
527 3942 632 4004 corpus
656 3945 674 3986 a
696 3924 809 4005 podice,
834 3935 921 4004 caput
943 3945 962 3987 s
985 3943 1104 4003 corpore
1126 3935 1264 4003 gestetur,
1289 3925 1342 3986 sed
1364 3934 1397 3983 nt
1412 3923 1558 3983 violentia
1581 3924 1608 3979 in
1622 3919 1685 3977 siu-

331 4013 402 4090 gula
427 4013 556 4074 membru
583 4011 739 4073 dividatur.
784 4013 867 4074 Tunc
894 4015 1000 4090 excipit
1024 4030 1102 4074 nova
1125 4013 1296 4086 difficultas,
1330 4015 1433 4088 ingene
1463 4011 1558 4086 frigus
1572 4005 1624 4086 ⁷⁰),
1657 4013 1685 4064 et

330 4099 478 4176 prohibita
501 4094 724 4180 respiratiu⁷¹),
755 4116 879 4176 quorum
901 4099 943 4158 illi
967 4101 1097 4176 ingenita
1118 4102 1203 4161 uobis
1227 4103 1257 4158 vi
1267 4096 1325 4176 ⁷²),
1357 4097 1426 4157 hnic
1456 4115 1528 4156 vcro
1557 4094 1685 4173 spongiis

327 4186 475 4274 porrectis
502 4186 540 4246 sd
570 4203 655 4246 naras
682 4186 809 4246 admotis
837 4186 955 4247 chriam
987 4182 1121 4266 imue⁷³).
1166 4187 1307 4246 Confecta
1334 4187 1429 4262 prima
1456 4191 1542 4260 parte
1579 4181 1687 4242 itineris

331 4273 446 4334 iaciiior
468 4270 597 4332 redditur
612 4269 766 4352 rectio²⁸).
804 4272 887 4334 Tunc
908 4273 1001 4334 libero
1023 4276 1083 4333 sliri
1106 4277 1279 4351 exponimus
1294 4287 1599 4349 corporsmsnusqne
1616 4266 1687 4327 sub·

332 4361 476 4420 trahimus
486 4355 534 4438 ⁷⁸).
581 4360 678 4436 Atque
701 4358 752 4419 illu
774 4359 804 4418 in
825 4377 891 4420 aene
919 4359 1131 4433 conglobantur
1153 4369 1186 4420 ut
1214 4361 1330 4433 manci,
1361 4376 1440 4435 quse
1462 4375 1518 4417 noe
1543 4357 1608 4418 sole
1628 4354 1688 4412 lere

333 4455 407 4508 nutu
430 4441 727 4522 suspensurum,
753 4445 829 4506 adeo
852 4453 885 4505 ut
906 4445 1032 4522 denique
1053 4449 1146 4507 moles
1168 4464 1307 4524 corperea
1329 4454 1434 4523 speum
1457 4463 1514 4506 sua
1536 4449 1636 4520 verget
1659 4441 1688 4496 iu

333 4535 431 4596 locum
461 4525 701 4614 proposituru'i)
747 4531 806 4592 Sed
835 4550 938 4609 parum
969 4533 1054 4594 nohis
1084 4541 1129 4595 est
1162 4535 1242 4595 utilis
1271 4534 1347 4593 baec
1377 4529 1472 4614 porr,
1506 4535 1577 4610 quia
1603 4529 1689 4587 nimis

333 4615 478 4694 iarda¹⁸h
502 4623 602 4698 itaque
616 4627 689 4678 nutu
712 4626 745 4678 ut
758 4618 819 4677 dixi
835 4620 1030 4681 acceleramus
1046 4628 1076 4681 at
1088 4621 1289 4698 praecedimus
1307 4621 1371 4697 jam
1394 4637 1512 4698 corpus,
1535 4637 1571 4679 ne
1593 4616 1690 4674 duris-

334 4711 408 4770 simo
430 4709 560 4786 impactu
583 4708 612 4766 in
636 4705 750 4766 Lunam
772 4705 870 4766 damni
893 4706 964 4783 qnid
986 4710 1123 4784 patiatur.
1152 4708 1254 4769 Solent
1275 4708 1425 4782 homines,
1449 4725 1516 4767 com
1539 4703 1691 4781 expergis-

335 4805 455 4870 cuntur,
485 4797 566 4872 queri
589 4793 626 4855 de
657 4791 797 4854 inadabili
828 4795 1021 4854 membrorum
1052 4796 1179 4854 omnium
1201 4795 1390 4870 lassitudine,
1422 4811 1526 4870 aqua
1547 4808 1611 4853 sero
1633 4787 1692 4848 ad·

335 4881 457 4944 modum
478 4897 511 4944 se
532 4883 685 4961 reciplrmt,
709 4889 743 4940 ut
763 4875 974 4957 ambuleuti').
