3436 5416
660 400 805 460 Solemnis.
856 446 857 449 ι

396 629 398 632 .
458 580 626 644 Grassantis
648 582 812 660 excepisset
833 582 931 657 ictum,

397 735 402 743 ,
459 670 688 750 Impavidnsque
711 672 837 730 animem
861 669 997 731 dedisset.

424 758 522 820 Macte
544 759 600 819 bac
622 757 747 836 adeptae
768 757 865 818 leudis
888 757 1005 820 adorsa.

425 845 518 926 Perge
541 853 570 907 et
592 853 741 925 parentem
763 844 841 904 iilius
864 845 943 904 band
966 847 1029 906 siue
1086 842 1088 845 ’

513 931 686 995 Obliuiosae
708 939 813 1009 stagna
834 932 942 994 Lethes

511 1020 658 1100 Perpetua
678 1023 811 1100 rapuisse
833 1028 928 1081 nocte.

1601 1325 1615 1361 ι*
1635 1326 1693 1359 π’θ,

167 1369 243 1419 Anno
257 1371 324 1420 ttae
339 1369 470 1431 rueugss
481 1368 590 1435 prodita·
607 1365 700 1422 Oratio
719 1366 753 1421 de
765 1365 821 1422 rita
833 1371 861 1421 et
871 1369 958 1421 morte
971 1364 1113 1421 clarissimi
1131 1365 1232 1421 ririM.
1245 1365 1412 1422 Samuelis
1487 1358 1489 1361 ’

58 1440 241 1512 Hellandi,
258 1443 425 1513 Basiliensis,
443 1444 581 1500 Etbices
573 1461 602 1500 ιιι
619 1443 767 1499 Academia
784 1443 1129 1512 TubingensiProfessoris
1147 1444 1296 1500 etDucalis
1314 1445 1413 1502 ibidem
1545 1464 1563 1484 ι·
1690 1468 1694 1478 ’

60 1519 197 1590 stipendii
215 1523 341 1593 Magistri
359 1525 466 1579 Domus
480 1523 515 1579 ad
533 1539 618 1580 annos
637 1523 671 1581 36
688 1521 894 1592 vigilantissimi,
912 1521 1006 1578 babita
1023 1536 1040 1577 a
1057 1523 1097 1580 M.
1115 1521 1274 1580 Erhardo
1294 1525 1411 1596 Celtic,

58 1599 138 1656 Post
158 1607 187 1655 et
203 1600 300 1659 histor.
316 1602 416 1658 ibidem
433 1601 600 1659 Professore.

166 1679 238 1734 Huic
256 1680 369 1737 omioni
386 1682 549 1790 subiunctus
567 1688 609 1739 est

614 1866 860 1968 dialogismus

331 1991 391 2053 de
413 1992 545 2056 tenere
568 1994 731 2072 ejusdem
754 1992 796 2054 Μ
820 1991 850 2054 Β.
874 1955 1060 2055 Heilandi
1083 1999 1137 2055 eta

243 2147 327 2226 Quae
347 2151 478 2229 pompa?
501 2149 659 2230 Exequiae.
704 2149 791 2228 Quod
813 2150 902 2211 babet
924 2149 1054 2211 Libitine
1075 2150 1226 2213 cadaver?

328 2236 476 2299 Heileudi.
514 2237 667 2316 Quaenam
689 2237 811 2317 protulit
834 2253 886 2297 ora
908 2238 1026 2298 sirum?

245 2320 320 2384 Urbs
342 2324 470 2387 Basilea.
516 2328 615 2388 Animi
638 2344 715 2404 quae
737 2333 806 2386 sunt
828 2324 985 2403 exempla?
1007 2326 1133 2402 Boosus,

329 2411 471 2488 Derides,
493 2412 627 2491 Samuel;
651 2413 787 2491 Ingenii?
810 2413 940 2475 Salomo.

246 2497 330 2576 Quae
352 2501 490 2562 fortune?
512 2501 610 2563 Minor
632 2503 751 2575 meritis,
774 2508 821 2561 sat
842 2499 998 2578 splendida
1019 2500 1126 2562 famae.

332 2585 409 2662 Quid
432 2591 525 2650 tenuit
544 2590 688 2667 juvenis?
711 2587 769 2649 Nil.
793 2586 968 2666 capularis?
992 2585 1072 2667 Opes

245 2673 427 2752 Magnificus.
473 2675 556 2752 Quae
579 2681 642 2738 vita
662 2675 748 2738 seni?
771 2675 921 2751 Morbosa,
944 2674 997 2736 sed
1019 2678 1129 2737 insons.

330 2761 413 2838 Quae
436 2764 552 2842 puero?
590 2766 718 2825 Exterris
742 2765 847 2824 mentis
870 2780 969 2823 amore
991 2766 1077 2826 sacri.

245 2849 385 2926 Quanta?
406 2851 483 2912 Dnci
507 2854 613 2927 breuis,
636 2860 725 2930 atque
747 2851 867 2912 scholae
889 2850 1046 2927 domuique
1069 2852 1228 2929 bonisque:

332 2937 437 3016 Aequa
458 2939 514 3001 Dei
538 2940 646 3018 placito
670 2947 699 3000 ct
721 2938 842 3018 syderis,
865 2954 962 3014 aequa
983 2939 1044 2999 suis

247 3021 380 3103 Optatis.
402 3027 503 3088 morbo
525 3025 614 3131 longa
636 3028 806 3105 ingentique
829 3023 923 3086 dolori

333 3114 467 3198 Atque
454 3116 543 3174 animi
565 3123 678 3176 moesto
701 3115 814 3175 coelitis
836 3113 934 3174 exilio.

245 3196 285 3260 Ut
308 3200 413 3278 pariit?
435 3201 566 3265 Placide
604 3201 671 3278 Qua
692 3205 793 3262 mortis
814 3199 968 3277 imagine?
990 3199 1096 3260 Morbo

333 3287 462 3363 Difficili,
485 3298 514 3349 et
537 3292 607 3349 victi
630 3289 781 3351 debilitate
803 3288 876 3350 seui.

246 3374 331 3435 Mens
354 3376 405 3434 ubl
428 3375 558 3437 destituit
580 3393 696 3438 cassum
717 3378 873 3456 spiramine
896 3374 1025 3452 corpus?

331 3463 420 3538 Inter,
443 3466 494 3541 qui
516 3464 636 3541 longum
657 3483 722 3525 sess
736 3462 852 3538 aluere,
875 3460 975 3525 libros.

244 3548 379 3627 Quonam
401 3551 483 3611 abit?
505 3551 540 3611 ln
562 3555 686 3630 patriam
708 3560 885 3630 sperataque
907 3548 1009 3610 limina
1032 3547 1115 3611 coeli.

331 3637 388 3714 Qui
411 3638 530 3700 comes?
552 3639 702 3718 Angelici,
726 3639 826 3717 bajula
848 3637 944 3710 turba,
968 3637 1056 3698 chori.

243 3723 321 3800 Quid
344 3727 468 3804 corpus?
490 3725 667 3803 Requiescet
689 3727 787 3789 humo.
827 3725 953 3803 Quando
976 3742 1045 3803 ergo
1069 3728 1224 3812 resurget?

331 3812 405 3873 Cum
427 3831 516 3893 rogus
539 3815 617 3876 orbis
641 3816 702 3877 erit.
740 3814 859 3892 Quale?
881 3812 1022 3889 Perenne,
1045 3830 1170 3874 sacrum.

244 3988 350 4050 zona
372 3980 482 4067 plinus*
503 3987 597 4064 καλοὶ,
620 3989 748 4053 rrimus
770 3986 860 4064 sosoi,
884 3981 995 4049 ἄπνουν
1017 3981 1119 4068 ἄμφω,

333 4071 370 4138 Οἱ
389 4076 442 4153 μὲι
465 4073 659 4157 ἀγωνοθέτην,
681 4076 821 4158 epipetron
842 4073 871 4137 οἱ
893 4073 926 4138 dd
940 4075 1038 4154 Δίκης.

547 4233 711 4313 Perpetuse
731 4231 918 4311 gratitudinis
941 4249 1011 4310 crgo
1034 4251 1053 4294 a
1074 4233 1116 4297 M.
1139 4231 1209 4295 Job.
1233 4234 1369 4314 Keplsrc,

732 4319 834 4381 'l'baol
858 4319 1006 4397 Studioso,
1031 4321 1195 4402 Discipulo.
