3478 5424
288 278 333 347 24
873 285 906 342 In
924 287 1063 342 Somnium

393 460 427 518 In
449 477 515 522 mea
537 465 781 524 commentatione
809 466 930 527 totidem
951 475 1019 526 sunt
1046 464 1233 544 problemata
1257 469 1328 540 quot
1349 463 1461 535 lineae,
1493 456 1626 518 solvenda

288 547 392 623 partim
416 553 618 622 astronomica,
641 553 747 625 partim
770 551 899 631 physice,
922 557 1026 632 partim
1050 555 1194 612 historice.
1233 551 1291 610 Sed
1312 549 1382 628 quid
1397 547 1489 624 agas?
1521 546 1627 620 Quotus

288 636 411 710 quisque
434 653 504 695 eura
527 637 647 712 dignum
670 640 811 720 censebit,
834 659 870 702 ea
891 641 1029 703 solvere?
1053 642 1180 717 Cupiunt
1194 639 1326 699 homines
1341 633 1510 713 hujusmodi
1525 632 1629 692 ludicra

287 721 344 780 sibi
365 714 446 796 m’olli
470 724 599 796 brachio,
622 723 701 801 quod
725 727 816 802 munt,
841 730 965 802 obtrudi,
989 747 1043 789 nec
1065 729 1165 788 faciles
1188 725 1307 786 suntad
1323 722 1534 800 corrogandam
1556 721 1629 778 iron-

289 815 349 867 tem
371 811 400 866 in
423 809 504 869 ludo.
551 811 655 887 ltaque
677 817 777 887 statui,
801 819 879 875 notis
901 825 968 894 post
991 821 1103 877 textum
1126 815 1225 874 ordine
1248 813 1438 888 sequentibus
1455 811 1554 870 omnia
1574 805 1630 866 sol·

288 913 364 956 rere.
410 897 538 958 Accedet
561 916 597 958 ex
621 899 772 978 telescopii
795 905 867 976 mei,
891 904 969 980 qued
991 921 1082 982 nuper
1104 921 1168 962 sum
1190 907 1308 974 nactus,
1332 901 1511 976 experientia
1534 897 1629 955 mirum

286 990 315 1042 et
337 983 467 1044 insolens
489 995 677 1062 augmentum
700 987 735 1048 de
759 991 873 1069 oppidis
897 1000 926 1050 et
949 992 1104 1068 aggeribus
1132 989 1318 1049 circularibus
1341 988 1461 1046 umbrae
1483 990 1630 1043 consecta-

285 1088 359 1131 neae
380 1089 479 1132 eausa.
526 1072 603 1148 Quid
627 1076 723 1134 verbis
747 1078 845 1154 opus?
880 1079 1001 1156 Scripsit
1023 1075 1214 1160 campanella
1237 1077 1385 1135 civitatem
1408 1073 1495 1146 Solis,
1520 1069 1632 1147 quidsi
1716 1124 1718 1127 .

285 1176 339 1217 nos
363 1157 489 1218 Lunae?
526 1162 610 1220 Anne
634 1166 782 1239 egregium
805 1165 934 1240 lacinus,
966 1166 1130 1244 cyclopieos
1160 1163 1247 1240 hujus
1274 1164 1411 1239 temporis
1441 1175 1537 1219 mores
1560 1157 1632 1215 viris

286 1245 433 1305 coloribus
457 1247 628 1325 depingere,
660 1251 712 1309 sed
741 1255 885 1313 cautionis
916 1271 1005 1314 causa
1034 1255 1117 1313 terris
1146 1269 1212 1312 cnm
1239 1249 1291 1310 tall
1319 1249 1476 1326 scriptione
1500 1243 1633 1306 excedere
1716 1288 1717 1291 ,

285 1335 374 1409 inqua
398 1332 511 1394 Lunam
535 1335 694 1396 secedere?
717 1337 902 1415 Quamquam
925 1339 995 1417 qnid
1019 1342 1203 1416 tergiversari
1222 1337 1355 1414 jurabit,
1386 1353 1450 1396 cum
1467 1351 1522 1394 nec
1538 1331 1633 1390 Morus

285 1421 316 1480 in
345 1417 454 1496 Utopia
481 1439 535 1482 nec
564 1423 704 1483 Erasmus
734 1427 764 1483 in
794 1429 927 1488 encomio
949 1428 1066 1510 Moriere¹
1091 1429 1145 1486 tuti
1176 1426 1295 1497 luerint,
1327 1427 1396 1501 quin
1425 1423 1557 1498 utrisque
1583 1418 1634 1476 luit

286 1506 426 1583 apologia
446 1510 546 1585 opus?
583 1509 705 1570 Missam
729 1515 817 1588 igitur
839 1517 955 1592 penitus
976 1517 1118 1574 iaciamus
1140 1512 1331 1593 picem-hanc
1354 1512 1504 1588 politicam
1527 1521 1634 1581 nosque

287 1598 316 1652 in
340 1599 469 1654 amoenis
492 1596 698 1674 philosophiae
721 1603 821 1660 viretis
844 1603 931 1679 plane
955 1605 1164 1662 contineamus.

390 1681 594 1742 Calendarium
617 1685 809 1748 Miitschelius
830 1691 930 1766 iussus
955 1699 999 1749 εει
1013 1688 1193 1766 Ratisponae
1208 1695 1307 1764 petere
1322 1687 1434 1761 tibique
1450 1683 1530 1743 dare.
1552 1679 1634 1752 Vale,
1714 1689 1717 1698 '

286 1767 351 1829 Deo
373 1771 601 1834 commendatus.
638 1772 731 1833 hineii
748 1773 775 1834 d.
794 1784 819 1835 4.
839 1777 910 1838 Dec.
930 1783 1023 1839 1623.

389 1870 626 1939 Berneggerus
644 1874 798 1942 respondit:
812 1915 819 1929 .
833 1919 837 1930 .
851 1919 874 1933 ..
892 1879 924 1932 Ι).
943 1876 1160 1948 Lingelshemins
1179 1876 1270 1932 omnis
1287 1881 1349 1942 tua,
1370 1883 1550 1941 quaeeunque
1566 1863 1636 1936 apud

285 1963 328 2003 me
345 1950 458 2016 reperit,
484 1966 539 2004 non
557 1967 640 2019 parvo
659 1952 734 2006 exilii
751 1954 793 2008 sui
818 1973 878 2010 cum
898 1957 995 2012 solatio
1014 1955 1136 2014 studiose
1155 1954 1266 2020 erolrit3
1295 1959 1337 2008 est
1360 1952 1431 2006 enim
1449 1945 1637 2004 mathematica

285 2043 393 2096 qnoque
418 2029 600 2083 doctissimus.
637 2030 663 2084 Is
688 2047 750 2086 cum
773 2049 861 2101 nuper
882 2050 917 2089 ex
935 2041 981 2088 me'
1002 2034 1186 2101 cognovisset,
1209 2047 1279 2100 quae
1304 2031 1338 2086 de
1362 2029 1435 2085 notis
1457 2028 1486 2080 in
1505 2027 1638 2080 Lunarern

284 2106 484 2162 astronomiam
508 2105 597 2173 deque
620 2106 759 2164 Plutarchi
782 2111 886 2166 edendo
914 2111 973 2181 ejus
996 2114 1147 2180 argumenti
1170 2111 1262 2170 libello
1286 2111 1440 2178 mediteris,
1471 2117 1639 2174 summopere

283 2186 402 2241 laetatus
417 2185 512 2254 jussit,
536 2192 568 2239 ut
584 2187 759 2254 perofficiose
781 2190 832 2245 tibi
851 2190 922 2245 dicta
945 2190 1031 2244 salute
1056 2205 1191 2258 rogarem,
1214 2206 1249 2245 ne
1271 2191 1299 2244 id
1322 2205 1422 2259 operae
1442 2189 1515 2242 bono
1533 2184 1639 2256 publico

285 2269 427 2333 praestare
453 2263 589 2317 omitteres
617 2272 665 2318 aut
682 2266 754 2320 ultra
781 2267 911 2322 differres.
951 2269 1046 2324 Habeo
1074 2267 1211 2322 Plutarchi
1238 2268 1384 2323 editionem
1411 2281 1539 2336 graecam
1564 2265 1592 2317 in
1610 2262 1639 2316 8ο

287 2344 321 2398 H.
336 2343 477 2412 Stephani,
494 2342 573 2396 tomis
594 2345 802 2401 bconstantem.
828 2347 855 2400 Si
873 2348 957 2416 voles,
975 2348 1078 2402 mittam
1096 2347 1178 2400 istum
1196 2353 1308 2416 tomum,
1326 2347 1355 2402 in
1375 2363 1429 2416 qno
1442 2345 1513 2399 liber
1526 2343 1559 2398 de
1571 2341 1639 2396 facie

285 2421 389 2477 Lunae.
425 2421 488 2476 Non
511 2421 550 2476 ita
573 2421 677 2491 pridem
702 2423 733 2478 V.
760 2423 787 2477 Ο.
811 2424 924 2480 Nicolao
948 2423 1078 2495 Rigaltio,
1104 2423 1265 2479 conciliante
1286 2426 1320 2480 D.
1340 2422 1510 2480 Gothofredo
1531 2416 1638 2488 juniori,

286 2501 495 2556 familiaritatem
514 2503 652 2568 contraxi3
679 2501 764 2556 habet
781 2517 868 2555 meum
887 2503 1092 2572 Pachymerium
1110 2517 1248 2571 maecum,
1272 2510 1303 2557 ut
1326 2503 1355 2557 in
1377 2501 1471 2557 codice
1493 2499 1568 2568 regio
1588 2501 1641 2563 (εει

288 2579 360 2635 enim
377 2577 601 2634 bibliothecarius
620 2579 852 2648 Christianissimi)
876 2580 989 2635 lacunas
1008 2581 1123 2650 expleat.
1161 2578 1232 2646 Quid
1250 2580 1273 2633 si
1291 2579 1363 2634 idem
1387 2584 1530 2648 praestare
1547 2587 1641 2645 posset

286 2658 314 2712 in
332 2657 387 2710 isto
406 2655 547 2710 Plutarchi
565 2655 676 2712 libello?
709 2659 788 2713 Certe
805 2659 892 2727 prima
911 2659 1006 2727 quavis
1024 2659 1167 2714 occasione
1184 2673 1234 2727 per
1251 2659 1344 2712 literas
1362 2657 1509 2724 inquiram.

392 2735 484 2789 Habes
501 2734 547 2788 hic
560 2736 592 2789 D.
608 2735 756 2790 Habrechti
776 2737 809 2791 de
827 2737 906 2805 globo
925 2737 1004 2806 igneo
1017 2742 1172 2802 tractatum,
1189 2753 1252 2790 nam
1264 2737 1297 2790 D.
1312 2733 1475 2790 Schiclrardi
1488 2733 1548 2788 sine
1561 2728 1641 2785 dubio

285 2814 385 2884 vidisti,
405 2827 569 2882 quamquam
587 2813 632 2867 hic
650 2812 731 2868 etiam
750 2812 858 2871 additus
877 2824 926 2882 est,
947 2817 995 2870 sed
1008 2817 1160 2884 germanice
1177 2830 1282 2870 versus.
1307 2815 1384 2884 Vale,
1403 2815 1524 2868 virorum
1537 2817 1566 2867 et
1582 2807 1641 2863 iau·

285 2903 374 2948 torum
393 2905 514 2944 meorum
535 2889 640 2944 eximie.
676 2893 819 2958 Argentea
840 2895 879 2965 ἦ.
898 2895 979 2949 Febr.
999 2896 1075 2950 1624.

389 2982 472 3058 Quae
487 2981 525 3040 ad
541 2986 702 3059 praemissa
716 2983 866 3059 respondit
881 2984 961 3061 Kep
971 2983 1075 3044 letus
1098 2988 1200 3061 paucis
1217 2993 1330 3044 tantum
1345 2983 1385 3042 ad
1400 2981 1556 3042 Somnium
1571 2977 1641 3037 atti·

286 3077 364 3144 nent,
388 3070 439 3129 sed
454 3070 582 3129 maxima
598 3087 633 3128 ex
648 3078 730 3146 parte
746 3069 784 3128 ad
799 3070 875 3129 filios
890 3072 1013 3129 Beronis
1028 3088 1046 3129 a
1061 3071 1262 3148 Staremberg‚
1285 3071 1408 3130 iautoris
1431 3067 1553 3144 Kepleri
1576 3065 1643 3123 diu·

288 3160 364 3216 turni
389 3157 507 3238 („eujus
530 3156 718 3232 quotidianus
741 3175 806 3215 sum
828 3157 954 3233 hospes“
979 3160 1078 3216 scribit
1100 3153 1267 3240 Keplerus),
1292 3174 1366 3233 qnos
1391 3165 1424 3214 ut
1438 3156 1642 3228 Berneggerus

287 3247 317 3302 in
341 3242 428 3303 aedes
452 3259 520 3300 suas
536 3243 633 3318 adque
659 3246 787 3318 „rictum
804 3241 1126 3320 frugalem,'nobilibus
1142 3244 1281 3303 studiosis
1297 3241 1543 3304 convenientem“
1569 3241 1643 3298 reci-

287 3333 350 3408 piat
370 3331 451 3408 petit.

392 3414 577 3474 Concludens
600 3415 699 3475 literas
723 3414 763 3492 (d.
787 3413 815 3473 d.
840 3414 890 3499 gg.
913 3415 1013 3476 Martii
1037 3414 1131 3496 1624)
1154 3416 1249 3490 addit:

390 3503 437 3560 De
459 3501 618 3560 Plutarcho
647 3503 677 3559 in
700 3518 838 3576 praesens
867 3503 955 3561 velim
983 3502 1086 3562 saltem
1108 3505 1306 3581 paragraphus
1335 3503 1445 3563 habers
1470 3502 1643 3578 exscriptos,

289 3589 340 3665 qni
361 3587 482 3648 lacunas
504 3587 653 3664 Xylandri
676 3586 852 3647 antecedunt
874 3597 902 3648 et
924 3599 1099 3664 sequuntur;
1129 3591 1242 3650 interim
1273 3591 1442 3667 apparebit,
1471 3607 1544 3648 num
1567 3585 1646 3664 quod

286 3674 427 3734 auxilium
452 3692 487 3734 ex
510 3673 689 3733 bibliotheca
713 3671 837 3733 Gallica.

392 3762 590 3819 Ann01629.
619 3759 764 3836 Keplerus
788 3763 889 3836 paucis
911 3758 985 3821 redit
1007 3759 1044 3820 ad
1067 3759 1226 3835 Somnium,
1249 3779 1315 3821 cum
1338 3761 1529 3838 Berneggero
1553 3778 1645 3837 agens

288 3845 461 3906 desdende
487 3845 687 3927 „compendio
709 3845 949 3908 Mathematico“.
993 3845 1070 3921 Quid
1092 3865 1178 3921 vero,
1208 3849 1308 3907 scribit
1336 3866 1438 3908 mense
1461 3848 1589 3921 Martio,
1621 3848 1645 3905 si

287 3934 350 4005 tibi,
374 3943 408 3993 ut
427 3934 526 4008 joser,
560 3935 776 3991 astronomiam
806 3950 901 3992 meam
922 3932 1053 3992 lunarem
1080 3951 1132 3992 sen
1154 3938 1391 4012 apparentiarum
1415 3936 1593 3996 coelestium
1616 3937 1645 3991 in

288 4019 373 4078 Luna
397 4019 575 4094 subjiciam?
598 4019 676 4078 Sane
701 4021 750 4094 qui
766 4019 900 4094 pellimur
922 4020 1013 4090 terris,
1038 4021 1174 4079 viaticum
1190 4022 1246 4080 hoc
1260 4022 1406 4081 conducet
1428 4024 1646 4099 peregrinanti·

287 4107 344 4166 bns
366 4114 419 4164 aut
441 4107 633 4181 migrantibus
655 4108 685 4162 in
702 4106 827 4166 Lunam.
857 4106 890 4162 Ei
914 4103 1014 4163 libello
1037 4105 1164 4182 adjungo
1180 4107 1368 4166 Plutarchum
1387 4107 1424 4169 de
1440 4111 1518 4169 lacis
1532 4109 1645 4182 Lunae,

287 4210 404 4252 versum
426 4210 445 4250 a
467 4209 513 4251 me
536 4191 571 4251 de
601 4208 695 4264 novo,
726 4197 755 4249 et
776 4190 923 4266 plerisque
945 4190 1057 4248 lacunis
1081 4209 1116 4250 ex
1138 4210 1225 4252 sensu
1247 4195 1439 4270 integratum,
1470 4196 1552 4272 quod
1575 4195 1647 4274 Xy·
1730 4247 1732 4266 ,

287 4280 400 4350 landro,
424 4280 475 4355 qui
496 4278 677 4354 professione
700 4283 884 4335 astronomus
907 4291 964 4333 uon
988 4285 1056 4347 erat,
1081 4277 1257 4354 impossibile
1279 4282 1341 4342 iuit.
1730 4342 1732 4365 Ι

395 4365 451 4424 His
475 4365 603 4440 exceptis
626 4363 666 4422 nil
691 4361 933 4438 deprehendimus
954 4363 1029 4421 iuter
1043 4361 1162 4439 Kepleri
1176 4368 1292 4441 scripta,
1317 4383 1383 4426 cum
1399 4367 1483 4428 edita
1497 4377 1561 4428 tum
1577 4369 1646 4441 alia,
1731 4367 1732 4372 ’

288 4453 325 4514 de
348 4454 478 4514 Somnio.
523 4451 618 4509 Filius
640 4449 761 4526 Kepleri
785 4449 951 4507 [rudovicus
974 4454 1040 4524 post
1060 4452 1150 4525 petris
1173 4459 1294 4510 mortem
1315 4453 1448 4528 Basilea,
1473 4457 1526 4515 ubi
1549 4456 1647 4516 medi·
1731 4473 1732 4478 ¹

288 4543 370 4600 cinae
395 4556 515 4618 operam
538 4536 635 4609 dabat,
658 4538 689 4594 in
711 4537 835 4610 patriam
858 4532 948 4593 redux
963 4535 1075 4594 invenit
1089 4537 1222 4595 maritum
1235 4541 1342 4599 sororis
1357 4540 1551 4602 Bartschium
1575 4551 1646 4620 typo

288 4627 400 4688 Samnii
423 4634 614 4702 occupatum,
644 4640 731 4698 quem
760 4630 843 4697 pater
865 4629 933 4679 ante
956 4619 1113 4679 discessum
1136 4621 1326 4685 Ratisbonam
1349 4644 1455 4687 versus
1486 4631 1646 4706 inceperat.
1730 4627 1732 4702 l

290 4712 415 4776 Omissis
430 4721 528 4774 autern
551 4712 615 4792 typi
628 4710 756 4786 negotiis
771 4707 942 4768 Bartsehius
958 4706 1090 4767 Laubam
1104 4706 1227 4770 Silesiae
1253 4713 1282 4768 in
1305 4713 1406 4774 urbem
1433 4722 1648 4794 transgressus,
