3478 5424
6 673 8 686 Ι

6 711 8 720 ι

6 771 8 778 ι

6 959 9 996 l

429 432 518 495 Notae
536 437 570 493 sd
590 435 774 508 Appendicem
793 435 1056 505 Selenograpbieam.
1374 423 1418 498 73

1354 563 1362 592 i

162 611 243 670 Haec
261 619 325 671 sunt
342 613 426 685 igitur
443 614 641 685 experimenta,
664 613 734 670 baec
757 613 905 681 axiomata,
932 627 967 668 ex
985 609 1082 681 quibus
1099 609 1156 680 jam
1175 606 1306 680 epistolae
1320 612 1418 679 partes

62 689 185 762 singalas
204 694 323 749 numeris
342 694 483 750 diab'nctas
502 691 705 750 demonstrabo.
1487 755 1490 768 ‚

166 772 198 828 2.
216 771 296 840 Quod
315 774 446 830 cavitates
464 772 585 829 maculas
604 772 774 842 potissimum
787 777 930 841 occupent,
950 785 1003 824 nen
1016 775 1107 839 partes
1121 766 1234 832 lucidas.
1253 767 1281 822 id
1299 765 1418 837 pertinet

61 849 94 903 ad
110 849 217 905 XXIV.
235 850 444 921 desumtumqus
461 857 490 905 et
507 851 596 920 ipsum
615 857 658 906 est
676 867 710 905 ex
727 852 796 906 visu.
1208 850 1212 860 '

165 931 197 985 3.
214 930 371 986 Macnlosas
387 935 480 1001 partes
498 943 559 984 esse
576 930 735 986 humiliores
753 929 858 996 incidis,
878 927 1000 997 sequitur
1017 933 1047 982 ut
1064 925 1143 981 XIII.

165 1013 195 1068 4.
214 1012 238 1067 5.
256 1010 301 1064 Ex
318 1010 427 1066 macula
443 1016 552 1065 saturae
570 1009 719 1078 nigredinis
737 1009 836 1078 colligo
853 1007 938 1064 maria
956 1007 1033 1074 XXI,
1053 1012 1081 1060 et
1099 1003 1225 1082 diletione
1243 1004 1320 1073 nigro
1338 1000 1415 1072 paln-

6 1117 8 1178 ;
61 1093 127 1146 sees
144 1089 240 1145 xxrr.
259 1086 362 1144 ιιιιιιι.

6 1287 9 1346 5
62 1248 194 1303 rxxrrr.

164 1171 194 1226 6.
213 1168 243 1225 Si
259 1175 396 1224 metantur
413 1168 516 1238 spatia,
541 1184 704 1225 consensum
722 1168 858 1224 intereos
877 1181 938 1222 esse
957 1177 1068 1220 neeesse
1086 1168 1142 1231 est,
1168 1177 1248 1232 quern
1267 1159 1351 1215 habes
1368 1173 1418 1230 per

166 1328 196 1381 7.
215 1326 338 1382 Rationis
357 1331 410 1393 est,
429 1325 465 1383 ad
484 1331 586 1380 certum
603 1327 685 1384 finem
703 1328 824 1384 tendere.
860 1300 922 1381 Etsi
939 1339 1004 1379 uero
1024 1323 1104 1382 etiarn
1121 1321 1186 1377 ludo
1206 1319 1341 1387 indulget,
1365 1315 1419 1372 ial-

6 1455 8 1482 3
61 1405 135 1460 lendi
153 1406 287 1474 temporis
306 1421 402 1475 causa,
422 1420 505 1474 opera
522 1412 612 1462 tamen
631 1409 664 1463 ed
683 1407 778 1464 ludum
796 1411 952 1476 comparata
969 1419 1024 1458 non
1044 1407 1108 1458 sunt
1125 1397 1309 1468 magnitudine
1328 1397 1419 1465 aequi·

6 1503 7 1516 ¹
62 1485 189 1553 paranda
207 1485 346 1556 iis„qune
364 1484 399 1539 ad
416 1485 497 1540 linem
515 1487 632 1542 tendunt
650 1487 693 1543 aui
712 1485 900 1542 conservandi.
935 1483 1012 1539 Haec
1029 1496 1092 1536 sero
1112 1493 1195 1548 opera
1213 1482 1278 1532 eunt
1294 1475 1419 1533 maximat
1480 1490 1485 1499 ·

6 1625 7 1648 3
63 1571 92 1617 nt
109 1578 185 1632 qnae
205 1577 221 1616 a
238 1564 273 1619 50
291 1560 411 1617 millibus
429 1562 584 1620 milliarium
601 1582 656 1636 npn
674 1565 807 1636 effugiunt
825 1581 933 1620 sensnm
952 1567 1084 1618 nostrum.

169 1640 200 1696 8.
219 1641 290 1709 Quia
307 1640 454 1696 mutatum
473 1643 581 1713 aliquae
593 1646 753 1702 ¹ambiuntur
769 1646 840 1701 sallo
854 1643 983 1709 exterius,
1001 1647 1029 1695 et
1048 1638 1112 1706 quia
1130 1636 1277 1706 depressae
1296 1638 1360 1688 sunt
1378 1646 1422 1687 ca·

6 1695 8 1758 ἒ
64 1721 167 1776 citatos
187 1721 217 1775 in
234 1721 388 1776 maculosas
406 1721 540 1791 regiones,
558 1739 626 1791 quas
644 1725 742 1780 humor
759 1725 885 1782 obtinens
903 1723 981 1794 nigro
999 1718 1097 1774 inficit:
1116 1715 1180 1771 hinc
1197 1713 1295 1782 colligo
1313 1712 1421 1766 homeri
1494 1749 1495 1756 ι

6 1837 7 1860 1
65 1807 200 1854 extraneo
218 1800 356 1867 objectum
376 1815 437 1855 esse
454 1801 567 1873 vallnm;
594 1804 641 1873 qui
662 1819 726 1860 roro
746 1811 804 1860 erat
828 1805 900 1859 iutra
917 1801 1028 1861 sallum,
1053 1811 1114 1851 eum
1132 1792 1277 1848 exhaurire
1296 1788 1421 1845 docuisse

7 1893 8 1896 ¹
64 1877 124 1932 illos
142 1877 366 1948 susperstites,
391 1887 501 1936 nostros
519 1890 586 1951 puto
605 1884 763 1940 Hollandos.
799 1885 833 1954 In
851 1885 967 1938 Dissert.
987 1877 1006 1932 i.
1026 1879 1067 1933 17.
1086 1877 1150 1938 (Vol
1168 1878 1200 1928 Π·
1217 1891 1243 1941 1)·
1262 1872 1339 1940 4⁹⁷)
1357 1885 1421 1924 ⁶⁰¹¹·

6 1999 7 2010 ,
64 1957 180 2012 tranium
200 1972 260 2011 sum
277 1957 436 2023 hariolatus,
454 1957 543 2016 lossas
556 1960 677 2030 deprimi,
696 1963 767 2018 ferte
780 1963 860 2018 etiam
873 1957 993 2016 humoris
1007 1972 1021 2012 e
1034 1953 1169 2026 profundo
1188 1949 1312 2006 eliciendi
1325 1963 1418 2004 cansa.
1468 1981 1475 1996 ι

6 2091 8 2104 ,
65 2033 118 2089 Sed
136 2043 207 2090 tnnc
224 2035 277 2090 hoc
295 2035 415 2090 nondum
434 2035 648 2104 observatorem,
667 2041 796 2096 caritates
815 2056 875 2095 esse
893 2039 922 2093 in
940 2033 1092 2102 maculosis,
1111 2046 1166 2086 non
1184 2028 1290 2086 lucidis.
1428 2033 1430 2043 '

171 2115 200 2172 9.
218 2115 265 2170 Sel
277 2115 364 2170 bostis
376 2113 430 2170 illis
443 2116 608 2173 certissimus
621 2127 649 2175 et
666 2117 861 2184 ἁναμφιιικτος,
888 2118 933 2174 Sic
945 2119 980 2174 de
989 2115 1042 2170 hac
1053 2129 1084 2168 rc
1096 2112 1193 2180 scripsi
1205 2108 1402 2180 Dissertatione
1414 2127 1420 2161 :

6 2193 8 2204 '
66 2209 146 2264 „cum
166 2193 238 2249 diem
256 2194 377 2250 habeant
397 2197 428 2252 15
447 2204 555 2253 nostros
575 2197 632 2253 dies
656 2196 763 2264 longam
787 2205 933 2266 aestusque
956 2193 1075 2252 sentient
1097 2189 1280 2247 intolerabiles
1306 2194 1334 2243 et
1350 2187 1421 2242 forle
1503 2185 1507 2200 ¹

6 2333 8 2340 ,
65 2278 179 2328 careant
198 2272 334 2343 lapidibus
352 2274 386 2329 ad
406 2275 568 2331 munitiones
590 2283 685 2332 eontra
702 2276 794 2331 Solem
817 2276 973 2344 erigendas,
997 2282 1026 2329 at
1049 2279 1144 2328 contra
1167 2269 1272 2340 glebam
1296 2267 1421 2323 fortassis

6 2399 8 2416 ,
65 2350 190 2408 habeant
208 2353 236 2406 in
255 2351 364 2408 modum
383 2353 496 2423 argillae
514 2363 624 2410 nostrae
642 2361 777 2411 tenacem:
795 2355 867 2410 hanc
885 2354 967 2422 igitur
978 2353 1032 2408 iliis
1045 2348 1206 2408 aedificandi
1217 2348 1349 2403 rationem
1367 2346 1422 2400 nsi-

6 2479 7 2482 ,
65 2439 152 2486 taram
172 2446 249 2504 esse,
268 2440 299 2487 ut
318 2449 429 2502 campos
446 2435 570 2503 ingentes
588 2433 755 2503 deprimant,
774 2441 847 2489 terra
865 2433 965 2488 circulo
984 2441 1078 2503 egesta
1095 2437 1123 2486 et
1141 2427 1318 2495 circumisse,
1336 2433 1367 2482 nt
1384 2427 1423 2482 ita

6 2506 19 2532 ''
64 2513 93 2566 in
111 2509 254 2579 profundo
280 2518 345 2581 post
362 2511 482 2568 tumulos
501 2519 609 2580 egestos
632 2514 774 2570 inumbra
794 2514 898 2571 lateant
915 2513 1043 2580 intusque
1061 2509 1096 2564 ad
1114 2513 1216 2564 motum
1235 2504 1307 2562 Solis
1326 2512 1354 2560 et
1370 2503 1424 2572 ipsi

6 2599 8 2638 ὲ
65 2588 312 2645 circumambulent
334 2591 456 2644 umbram
480 2587 683 2661 recrescentem
710 2601 794 2662 atque
818 2594 887 2648 haec
904 2593 940 2650 sit
957 2592 1011 2648 illia
1034 2587 1118 2644 veluti
1142 2586 1246 2656 speclea
1265 2584 1342 2639 nrbis
1360 2582 1423 2636 snb-

6 2683 10 2732 ζ,
64 2675 222 2736 terraneos,
241 2667 347 2734 domus,
367 2669 514 2738 speluncae
527 2670 713 2736 creberrimae,
731 2671 759 2724 in
771 2672 936 2740 crepidinem
953 2671 1027 2726 illam
1045 2667 1204 2725 circularem
1222 2664 1336 2734 incisae3
1360 2677 1424 2731 ager

65 2755 94 2802 et
110 2761 219 2817 pascua
234 2747 263 2800 in
281 2747 383 2818 medio,
410 2755 441 2803 nt
459 2749 549 2804 Solem
568 2749 705 2818 fugientes
724 2749 875 2818 apraediis
895 2757 1057 2804 tamennon
1076 2744 1183 2816 longius
1201 2749 1333 2810 cogantur
1349 2756 1424 2796 rece·

6 2843 8 2870 τ
66 2828 156 2881 rerer
194 2827 271 2881 Haec
289 2842 339 2894 ego
355 2827 413 2895 jam
430 2835 489 2887 tum
506 2830 545 2884 sic
563 2829 664 2898 censui,
684 2828 803 2884 nondum
821 2829 873 2886 lroc
891 2828 1008 2894 detecto,
1027 2825 1100 2896 qnod
1119 2823 1202 2879 colles
1222 2828 1370 2890 exsurgant
1388 2835 1423 2875 er

66 2904 246 2973 caritatibus,
270 2906 360 2961 medio
377 2905 505 2962 umbilico
525 2908 667 2977 depresso,
693 2907 821 2976 quodque
846 2907 947 2962 vadum
975 2905 1177 2974 circumjectum
1202 2903 1238 2958 sit
1262 2899 1424 2958 caritatibus

6 3033 7 3052 ,
66 2983 208 3038 nonnullis
230 2985 359 3039 exterius.
395 2985 589 3041 Ratiocinabar
604 2986 688 3054 enirn,
712 2984 820 3040 facilius
836 2984 899 3039 illos
922 2984 1034 3040 umbrae
1052 2983 1175 3052 prolixae
1197 2981 1256 3037 lieri
1275 2987 1423 3049 compotes,

6 3095 8 3112 ›
67 3064 89 3118 si
107 3079 166 3118 non
186 3063 318 3119 effodiant
336 3070 441 3120 tantum
460 3065 597 3130 lacunam,
620 3064 669 3120 sed
688 3072 808 3132 egestam
827 3063 908 3118 etiarn
927 3071 1022 3118 contra
1040 3060 1130 3116 Solem
1149 3058 1320 3116 accumulent
1338 3056 1423 3112 lorin-

6 3185 7 3190 ,
68 3138 160 3198 secus.
198 3141 277 3210 Quod
296 3142 349 3196 illis
368 3142 524 3200 iaciendum
542 3143 622 3200 rebar
639 3160 673 3199 ex
692 3161 774 3199 causa
791 3143 844 3199 hac
862 3143 954 3199 nescio
973 3157 1054 3211 quern
1073 3147 1154 3204 certa,
1173 3137 1200 3192 id
1219 3139 1257 3193 ita
1273 3136 1332 3190 fieri
1351 3149 1423 3189 nurnc

6 3217 8 3288 ζ
68 3221 143 3276 oculi
160 3228 298 3276 testantur
315 3229 343 3274 et
361 3220 485 3291 dioptra:
512 3231 608 3280 contra
626 3223 765 3289 Solemus,
785 3223 858 3291 quod
876 3229 967 3280 monet
985 3221 1054 3276 haec
1072 3233 1144 3273 num.
1164 3215 1189 3285 93
1208 3232 1243 3271 an
1262 3223 1357 3272 contra
1373 3211 1424 3266 hu·

6 3361 11 3380 ,
66 3313 180 3368 morem,
198 3298 271 3369 quod
291 3300 365 3369 prior
383 3299 408 3370 8,
428 3317 498 3358 anns
517 3311 611 3360 eontra
629 3314 782 3372 utrumque,
800 3303 827 3357 iu
847 3301 935 3358 medic
954 3297 1119 3370 ponendum.

175 3379 217 3434 10.
236 3377 308 3432 Date
327 3378 409 3432 semel
427 3378 505 3436 initio
525 3381 735 3452 comparationis
748 3385 819 3436 inter
832 3388 934 3450 gentes,
952 3378 1075 3434 lunarem
1095 3385 1122 3430 et
1140 3381 1305 3445 terrestrem,
1322 3374 1377 3444 jam
1393 3371 1443 3431 de,

6 3473 8 3530 ξ
67 3455 205 3512 similibus
221 3456 293 3512 idem
311 3458 509 3526 estjndieium.
547 3460 613 3514 Cum
631 3459 784 3516 maculosas
802 3461 899 3514 Lunae
917 3465 1009 3528 partes
1034 3458 1174 3513 videamus
1191 3455 1296 3523 cultas,
1322 3453 1426 3522 asperis

6 3539 10 3574 ²¹
67 3546 96 3591 et
113 3536 249 3592 montosis
268 3536 448 3606 circumiectis
467 3539 645 3596 attribuemus
667 3539 738 3594 ieras
758 3547 785 3593 et
808 3539 936 3593 barbaras
960 3537 1097 3593 latronum
1120 3535 1254 3591 cohortes.
1291 3533 1326 3588 Hi
1345 3541 1427 3587 sunto
1527 3603 1530 3612 .

6 3607 8 3684 ζ
66 3617 165 3673 hostes
183 3615 337 3684 cultiorum,
356 3633 424 3687 quos
443 3626 539 3673 contra
556 3616 597 3671 illi
614 3618 861 3692 munitIonessuas
880 3619 994 3687 erigant.
1022 3615 1076 3672 Sed
1095 3615 1167 3673 reier
1185 3615 1240 3670 huc
1258 3613 1425 3682 experimen·

68 3703 126 3752 tum
146 3695 181 3750 ad
199 3696 325 3828 XIIIXIX,
345 3697 419 3766 qnod
436 3697 513 3753 nulla
531 3697 653 3766 elisiis,
673 3696 726 3752 nisi
743 3704 774 3750 ιιι
791 3697 827 3750 sit
845 3697 958 3752 munitio
978 3696 1268 3782 contraimuptionem
1286 3693 1421 3761 hostilem,

6 3803 8 3850 ς
68 3781 164 3844 potest
183 3791 322 3845 expicaci.

177 3855 219 3910 11.
239 3854 375 3910 Camtates
397 3853 501 3910 habent
521 3854 634 3912 sormam
653 3854 755 3911 circuli.
792 3855 915 3911 circulus
931 3868 968 3908 ex
986 3863 1079 3912 centro
1105 3853 1274 3911 describitur.
1311 3851 1427 3920 Oportet

6 3913 19 3982 't
67 3933 152 4002 igitur
178 3948 241 3989 ease
268 3940 296 3990 et
309 3935 494 4005 ,conspicuum
519 3941 546 3990 et
571 3935 717 4004 aliquare
744 3936 778 3990 ad
803 3932 932 3990 metanda
959 3933 1192 3991 circumferentiae
1219 3930 1362 3988 intervalla
1386 3930 1426 3984 in·

6 4043 7 4050 1
69 4019 214 4068 structum.

176 4089 217 4145 12.
234 4087 373 4144 intervalli
391 4095 446 4145 tam
464 4090 538 4158 longi
556 4093 708 4161 aequalitas
727 4092 779 4146 nisi
797 4091 917 4148 ianiculo
936 4092 1031 4160 nequit
1049 4088 1173 4145 obtineri.
1221 4164 1222 4168 Ἰ

176 4169 217 4223 te.
236 4168 307 4236 Quia
324 4169 471 4226 caritatem
489 4170 612 4226 diametri
631 4181 695 4228 sunt
712 4171 877 4240 inaequales.

126 4267 130 4275 ¹
177 4249 219 4306 tt.
239 4250 307 4303 cum
324 4250 533 4305 instrumentum
550 4265 640 4306 meum
659 4268 714 4306 uno
738 4251 840 4306 iutuitu
857 4258 967 4320 caperet
987 4250 1027 4306 12‘
1046 4248 1080 4304 de
1099 4249 1141 4306 30³
1159 4248 1269 4312 Lunae,
1296 4247 1426 4303 diameter

70 4343 137 4383 rerc
154 4329 215 4397 ejus
229 4327 282 4386 4⁰0
294 4329 419 4383 milliaris
434 4326 588 4399 germanica
606 4328 642 4382 sit
659 4328 748 4399 longa,
767 4331 975 4386 instrumentum
987 4328 1071 4400 igitur
1082 4343 1171 4383 meum
1184 4326 1291 4383 circiter
1306 4326 1356 4382 160
1368 4325 1425 4380 mil·

6 4397 7 4422 ³
69 4407 150 4464 liaris
167 4408 248 4476 cepit.
285 4407 338 4464 Est
356 4423 419 4462 vero
440 4407 570 4463 diameter
586 4407 670 4477 hujus
688 4408 811 4464 maculae
829 4409 935 4464 circiter
950 4409 1004 4463 ιιι·
1021 4423 1086 4478 pars
1105 4407 1138 4462 de
1156 4407 1307 4477 capacitate
1326 4407 1425 4462 instru-

6 4541 8 4576 :
71 4486 166 4556 menti,
183 4494 263 4555 patet
278 4486 361 4556 igitur
378 4489 406 4541 iu
425 4487 459 4544 10
477 4486 602 4542 milliaria
619 4487 781 4555 germanica,
800 4503 865 4559 ergo
884 4487 1083 4544 semidiameter
1100 4485 1127 4540 in
1145 4488 1171 4542 b.

176 4565 217 4619 ib.
236 4563 374 4620 circulum
397 4565 597 4623 semidiametro
616 4569 631 4622 b
651 4567 804 4623 milliarium
823 4569 950 4624 continuo
969 4575 1059 4624 tractu
1078 4567 1157 4622 nnius
1183 4565 1260 4635 pedis
1278 4565 1305 4619 in
1324 4564 1424 4620 circino

6 4611 8 4658 ἰ
71 4657 108 4698 ne
126 4641 225 4699 dixeris
251 4642 368 4700 describi
394 4659 487 4714 posse,
512 4645 564 4702 nisi
586 4645 737 4716 descriptor
760 4648 819 4717 ipse
844 4647 939 4716 uiginti
960 4646 1099 4702 minimum
1125 4643 1249 4726 milliaria
1272 4642 1370 4710 longus
1395 4642 1423 4697 in

71 4729 278 4860 Ρῐοωωιέιᾏι
295 4817 345 4857 nee
363 4802 461 4859 unicus
485 4801 623 4858 funiculus
645 4801 758 4870 sufficit,
783 4809 814 4856 nt
839 4803 898 4873 ejus
917 4820 934 4858 a
950 4801 1016 4873 palo
1039 4803 1104 4858 neri
1126 4800 1283 4858 extremitas
1307 4803 1426 4856 exterior

6 4913 8 4980 L
74 4878 305 4942 circumducatur:
328 4880 431 4938 defluet
454 4881 526 4938 enim
550 4879 687 4940 funiculus
704 4881 825 4970 pondere
842 4898 891 4940 suo
909 4882 938 4938 in
954 4891 1054 4938 terram
1071 4881 1247 4952 haerebitque
1264 4881 1292 4938 in
1311 4879 1424 4938 collibus

6 5143 10 5258 i
