<?xml version="1.0" encoding="UTF-8"?>
<!DOCTYPE html PUBLIC "-//W3C//DTD XHTML 1.0 Transitional//EN"
    "http://www.w3.org/TR/xhtml1/DTD/xhtml1-transitional.dtd">
<html xmlns="http://www.w3.org/1999/xhtml" xml:lang="en" lang="en">
 <head>
  <title>
</title>
<meta http-equiv="Content-Type" content="text/html;charset=utf-8" />
  <meta name='ocr-system' content='tesseract 3.04.00' />
  <meta name='ocr-capabilities' content='ocr_page ocr_carea ocr_par ocr_line ocrx_word'/>
</head>
<body>
  <div class='ocr_page' id='page_1' title='image "./joanniskepleria21frisgoog_0128.png"; bbox 0 0 3436 5416; ppageno 0'>
   <div class='ocr_carea' id='block_1_1' title="bbox 0 0 3 900">
    <p class='ocr_par' dir='ltr' id='par_1_1' title="bbox 0 0 3 900">
     <span class='ocr_line' id='line_1_1' title="bbox 0 0 3 900; baseline 0 0"><span class='ocrx_word' id='word_1_1' title='bbox 0 0 3 900; x_wconf 95' lang='lat' dir='ltr'> </span> 
     </span>
    </p>
   </div>
   <div class='ocr_carea' id='block_1_2' title="bbox 296 329 1100 472">
    <p class='ocr_par' dir='ltr' id='par_1_2' title="bbox 296 329 1100 472">
     <span class='ocr_line' id='line_1_2' title="bbox 296 329 1100 472; baseline -0.009 -28"><span class='ocrx_word' id='word_1_2' title='bbox 296 329 363 472; x_wconf 73' lang='lat' dir='ltr'>tit</span> <span class='ocrx_word' id='word_1_3' title='bbox 835 379 925 438; x_wconf 83' lang='lat' dir='ltr'><strong>Notae</strong></span> <span class='ocrx_word' id='word_1_4' title='bbox 942 379 969 439; x_wconf 81' lang='lat' dir='ltr'>J.</span> <span class='ocrx_word' id='word_1_5' title='bbox 988 379 1100 452; x_wconf 87' lang='lat' dir='ltr'><strong>Kepleri</strong></span> 
     </span>
    </p>
   </div>
   <div class='ocr_carea' id='block_1_3' title="bbox 229 551 1673 2841">
    <p class='ocr_par' dir='ltr' id='par_1_3' title="bbox 297 551 1640 630">
     <span class='ocr_line' id='line_1_3' title="bbox 297 551 1640 630; baseline 0.002 -19"><span class='ocrx_word' id='word_1_6' title='bbox 297 554 525 612; x_wconf 71' lang='lat' dir='ltr'><strong>obumbraturum.</strong></span> <span class='ocrx_word' id='word_1_7' title='bbox 562 551 637 622; x_wconf 79' lang='grc'>11666</span> <span class='ocrx_word' id='word_1_8' title='bbox 660 569 715 610; x_wconf 89' lang='grc'>666</span> <span class='ocrx_word' id='word_1_9' title='bbox 739 555 864 624; x_wconf 85' lang='lat' dir='ltr'><strong>sequitur</strong></span> <span class='ocrx_word' id='word_1_10' title='bbox 880 555 1033 623; x_wconf 80' lang='lat' dir='ltr'><strong>conclusio,</strong></span> <span class='ocrx_word' id='word_1_11' title='bbox 1057 564 1085 614; x_wconf 89' lang='lat' dir='ltr'>et</span> <span class='ocrx_word' id='word_1_12' title='bbox 1101 557 1172 613; x_wconf 88' lang='lat' dir='ltr'><strong>bene</strong></span> <span class='ocrx_word' id='word_1_13' title='bbox 1188 557 1262 628; x_wconf 91' lang='lat' dir='ltr'><strong>quod</strong></span> <span class='ocrx_word' id='word_1_14' title='bbox 1280 573 1334 613; x_wconf 91' lang='lat' dir='ltr'><strong>nou</strong></span> <span class='ocrx_word' id='word_1_15' title='bbox 1351 557 1484 630; x_wconf 85' lang='lat' dir='ltr'><strong>sequitur.</strong></span> <span class='ocrx_word' id='word_1_16' title='bbox 1519 555 1640 614; x_wconf 81' lang='grc'>11666166</span> 
     </span>
    </p>

    <p class='ocr_par' dir='ltr' id='par_1_4' title="bbox 297 631 1641 706">
     <span class='ocr_line' id='line_1_4' title="bbox 297 631 1641 706; baseline 0.001 -16"><span class='ocrx_word' id='word_1_17' title='bbox 297 634 368 690; x_wconf 91' lang='lat' dir='ltr'><strong>enim</strong></span> <span class='ocrx_word' id='word_1_18' title='bbox 386 632 449 689; x_wconf 86' lang='grc'>61166</span> <span class='ocrx_word' id='word_1_19' title='bbox 461 632 557 690; x_wconf 79' lang='lat' dir='ltr'><strong>Lunae</strong></span> <span class='ocrx_word' id='word_1_20' title='bbox 569 631 687 700; x_wconf 77' lang='grc'>6616166</span> <span class='ocrx_word' id='word_1_21' title='bbox 705 632 832 702; x_wconf 81' lang='grc'>6166166</span> <span class='ocrx_word' id='word_1_22' title='bbox 851 633 1015 704; x_wconf 74' lang='lat' dir='ltr'><strong>conspicuae</strong></span> <span class='ocrx_word' id='word_1_23' title='bbox 1033 644 1262 694; x_wconf 85' lang='grc'>66666616666</span> <span class='ocrx_word' id='word_1_24' title='bbox 1279 635 1473 706; x_wconf 64' lang='grc'>6616616616</span> <span class='ocrx_word' id='word_1_25' title='bbox 1489 637 1520 691; x_wconf 92' lang='lat' dir='ltr'>iu</span> <span class='ocrx_word' id='word_1_26' title='bbox 1538 637 1641 706; x_wconf 78' lang='grc'>666666</span> 
     </span>
    </p>

    <p class='ocr_par' dir='ltr' id='par_1_5' title="bbox 295 710 1641 786">
     <span class='ocr_line' id='line_1_5' title="bbox 295 710 1641 786; baseline 0 -16"><span class='ocrx_word' id='word_1_27' title='bbox 295 729 354 770; x_wconf 90' lang='lat' dir='ltr'>sam</span> <span class='ocrx_word' id='word_1_28' title='bbox 372 710 542 783; x_wconf 85' lang='lat' dir='ltr'><strong>superficiem</strong></span> <span class='ocrx_word' id='word_1_29' title='bbox 561 726 578 765; x_wconf 89' lang='lat' dir='ltr'>a</span> <span class='ocrx_word' id='word_1_30' title='bbox 595 711 733 768; x_wconf 88' lang='lat' dir='ltr'><strong>montibus</strong></span> <span class='ocrx_word' id='word_1_31' title='bbox 751 713 925 785; x_wconf 87' lang='lat' dir='ltr'><strong>editioribus,</strong></span> <span class='ocrx_word' id='word_1_32' title='bbox 950 715 999 771; x_wconf 89' lang='lat' dir='ltr'>sed</span> <span class='ocrx_word' id='word_1_33' title='bbox 1024 720 1089 772; x_wconf 90' lang='lat' dir='ltr'><strong>sunt</strong></span> <span class='ocrx_word' id='word_1_34' title='bbox 1110 715 1269 786; x_wconf 78' lang='grc'>6666661666</span> <span class='ocrx_word' id='word_1_35' title='bbox 1284 713 1380 770; x_wconf 81' lang='lat' dir='ltr'><strong>Lunae</strong></span> <span class='ocrx_word' id='word_1_36' title='bbox 1402 713 1515 770; x_wconf 86' lang='lat' dir='ltr'><strong>humida</strong></span> <span class='ocrx_word' id='word_1_37' title='bbox 1533 723 1582 770; x_wconf 89' lang='lat' dir='ltr'>aut</span> <span class='ocrx_word' id='word_1_38' title='bbox 1598 730 1641 786; x_wconf 90' lang='lat' dir='ltr'>po·</span> 
     </span>
    </p>

    <p class='ocr_par' dir='ltr' id='par_1_6' title="bbox 229 787 970 864">
     <span class='ocr_line' id='line_1_6' title="bbox 229 787 970 864; baseline 0.007 -19"><span class='ocrx_word' id='word_1_39' title='bbox 229 809 232 820; x_wconf 91' lang='lat'>·</span> <span class='ocrx_word' id='word_1_40' title='bbox 295 791 398 860; x_wconf 83' lang='grc'>1661616,</span> <span class='ocrx_word' id='word_1_41' title='bbox 418 807 448 846; x_wconf 90' lang='lat' dir='ltr'>re</span> <span class='ocrx_word' id='word_1_42' title='bbox 466 806 531 846; x_wconf 88' lang='lat' dir='ltr'><strong>rera</strong></span> <span class='ocrx_word' id='word_1_43' title='bbox 548 787 715 858; x_wconf 75' lang='lat' dir='ltr'><strong>longissimis</strong></span> <span class='ocrx_word' id='word_1_44' title='bbox 733 799 850 849; x_wconf 88' lang='lat' dir='ltr'><strong>extensa</strong></span> <span class='ocrx_word' id='word_1_45' title='bbox 867 795 970 864; x_wconf 88' lang='grc'>6661116.</span> 
     </span>
    </p>

    <p class='ocr_par' dir='ltr' id='par_1_7' title="bbox 293 867 1640 1020">
     <span class='ocr_line' id='line_1_7' title="bbox 400 867 1640 944; baseline 0 -18"><span class='ocrx_word' id='word_1_46' title='bbox 400 871 442 928; x_wconf 99' lang='grc'>60.</span> <span class='ocrx_word' id='word_1_47' title='bbox 461 869 585 926; x_wconf 80' lang='lat' dir='ltr'>Occurrit</span> <span class='ocrx_word' id='word_1_48' title='bbox 597 867 757 938; x_wconf 89' lang='lat' dir='ltr'><strong>objectioni:</strong></span> <span class='ocrx_word' id='word_1_49' title='bbox 777 872 800 929; x_wconf 88' lang='lat' dir='ltr'>si</span> <span class='ocrx_word' id='word_1_50' title='bbox 811 873 935 930; x_wconf 89' lang='lat' dir='ltr'><strong>maculae</strong></span> <span class='ocrx_word' id='word_1_51' title='bbox 947 878 1040 932; x_wconf 86' lang='lat' dir='ltr'><strong>esseut</strong></span> <span class='ocrx_word' id='word_1_52' title='bbox 1050 876 1162 931; x_wconf 88' lang='lat' dir='ltr'><strong>umbrae</strong></span> <span class='ocrx_word' id='word_1_53' title='bbox 1174 873 1313 944; x_wconf 87' lang='lat' dir='ltr'><strong>montium,</strong></span> <span class='ocrx_word' id='word_1_54' title='bbox 1330 873 1484 929; x_wconf 81' lang='lat' dir='ltr'><strong>rideremus</strong></span> <span class='ocrx_word' id='word_1_55' title='bbox 1496 877 1526 928; x_wconf 90' lang='grc'>61</span> <span class='ocrx_word' id='word_1_56' title='bbox 1540 877 1640 926; x_wconf 80' lang='lat' dir='ltr'><strong>montes</strong></span> 
     </span>
     <span class='ocr_line' id='line_1_8' title="bbox 293 947 804 1020; baseline 0.002 -14"><span class='ocrx_word' id='word_1_57' title='bbox 293 949 371 1020; x_wconf 89' lang='lat' dir='ltr'><strong>illos;</strong></span> <span class='ocrx_word' id='word_1_58' title='bbox 390 957 419 1006; x_wconf 89' lang='lat' dir='ltr'>at</span> <span class='ocrx_word' id='word_1_59' title='bbox 436 965 492 1004; x_wconf 90' lang='grc'>666</span> <span class='ocrx_word' id='word_1_60' title='bbox 509 947 641 1014; x_wconf 82' lang='lat' dir='ltr'><strong>videmus,</strong></span> <span class='ocrx_word' id='word_1_61' title='bbox 659 963 724 1018; x_wconf 83' lang='lat' dir='ltr'><strong>ergo</strong></span> <span class='ocrx_word' id='word_1_62' title='bbox 743 992 751 1007; x_wconf 95' lang='lat'><strong>.</strong></span> <span class='ocrx_word' id='word_1_63' title='bbox 770 991 777 1008; x_wconf 89' lang='lat'><strong>.</strong></span> <span class='ocrx_word' id='word_1_64' title='bbox 797 993 804 1007; x_wconf 85' lang='lat'><strong>.</strong></span> 
     </span>
    </p>

    <p class='ocr_par' dir='ltr' id='par_1_8' title="bbox 272 1019 1642 1336">
     <span class='ocr_line' id='line_1_9' title="bbox 272 1019 1641 1102; baseline -0.004 -15"><span class='ocrx_word' id='word_1_65' title='bbox 272 1019 276 1034; x_wconf 87' lang='grc'><strong>’</strong></span> <span class='ocrx_word' id='word_1_66' title='bbox 398 1029 442 1087; x_wconf 90' lang='grc'>61.</span> <span class='ocrx_word' id='word_1_67' title='bbox 460 1027 563 1084; x_wconf 85' lang='lat' dir='ltr'><strong>Lucius</strong></span> <span class='ocrx_word' id='word_1_68' title='bbox 582 1025 630 1083; x_wconf 87' lang='lat' dir='ltr'><strong>iol.</strong></span> <span class='ocrx_word' id='word_1_69' title='bbox 648 1025 690 1082; x_wconf 85' lang='grc'>88</span> <span class='ocrx_word' id='word_1_70' title='bbox 716 1037 906 1102; x_wconf 73' lang='lat' dir='ltr'><strong>argumentum</strong></span> <span class='ocrx_word' id='word_1_71' title='bbox 924 1047 941 1087; x_wconf 95' lang='grc'>6</span> <span class='ocrx_word' id='word_1_72' title='bbox 956 1031 1104 1088; x_wconf 87' lang='lat' dir='ltr'><strong>reflexione</strong></span> <span class='ocrx_word' id='word_1_73' title='bbox 1127 1031 1236 1088; x_wconf 89' lang='lat' dir='ltr'><strong>luminis</strong></span> <span class='ocrx_word' id='word_1_74' title='bbox 1260 1029 1370 1098; x_wconf 81' lang='grc'>6616616,</span> <span class='ocrx_word' id='word_1_75' title='bbox 1399 1046 1453 1100; x_wconf 89' lang='grc'>666</span> <span class='ocrx_word' id='word_1_76' title='bbox 1478 1027 1641 1100; x_wconf 85' lang='grc'>6661616166</span> 
     </span>
     <span class='ocr_line' id='line_1_10' title="bbox 294 1105 1642 1178; baseline -0.006 -12"><span class='ocrx_word' id='word_1_77' title='bbox 294 1111 400 1166; x_wconf 89' lang='lat' dir='ltr'><strong>Lunam</strong></span> <span class='ocrx_word' id='word_1_78' title='bbox 418 1122 479 1164; x_wconf 89' lang='lat' dir='ltr'><strong>esse</strong></span> <span class='ocrx_word' id='word_1_79' title='bbox 498 1111 630 1172; x_wconf 86' lang='lat' dir='ltr'><strong>terream,</strong></span> <span class='ocrx_word' id='word_1_80' title='bbox 652 1106 807 1177; x_wconf 79' lang='lat' dir='ltr'><strong>dimiserat,</strong></span> <span class='ocrx_word' id='word_1_81' title='bbox 833 1115 1017 1178; x_wconf 73' lang='lat' dir='ltr'><strong>managressus</strong></span> <span class='ocrx_word' id='word_1_82' title='bbox 1036 1109 1071 1166; x_wconf 90' lang='lat' dir='ltr'>ad</span> <span class='ocrx_word' id='word_1_83' title='bbox 1089 1109 1171 1166; x_wconf 89' lang='lat' dir='ltr'><strong>aliud.</strong></span> <span class='ocrx_word' id='word_1_84' title='bbox 1206 1108 1458 1176; x_wconf 69' lang='lat' dir='ltr'><strong>imploraretur,</strong></span> <span class='ocrx_word' id='word_1_85' title='bbox 1478 1107 1514 1162; x_wconf 91' lang='grc'>66</span> <span class='ocrx_word' id='word_1_86' title='bbox 1534 1105 1642 1175; x_wconf 73' lang='lat' dir='ltr'><strong>singulis</strong></span> 
     </span>
     <span class='ocr_line' id='line_1_11' title="bbox 294 1185 1641 1258; baseline -0.004 -12"><span class='ocrx_word' id='word_1_87' title='bbox 294 1205 372 1246; x_wconf 90' lang='lat' dir='ltr'><strong>suam</strong></span> <span class='ocrx_word' id='word_1_88' title='bbox 390 1188 472 1244; x_wconf 90' lang='lat' dir='ltr'><strong>otiam</strong></span> <span class='ocrx_word' id='word_1_89' title='bbox 490 1185 612 1242; x_wconf 87' lang='lat' dir='ltr'><strong>dicturus</strong></span> <span class='ocrx_word' id='word_1_90' title='bbox 632 1189 802 1257; x_wconf 87' lang='lat' dir='ltr'><strong>sententiam,</strong></span> <span class='ocrx_word' id='word_1_91' title='bbox 821 1188 967 1244; x_wconf 85' lang='lat' dir='ltr'><strong>revertitur</strong></span> <span class='ocrx_word' id='word_1_92' title='bbox 984 1187 1019 1242; x_wconf 92' lang='grc'>66</span> <span class='ocrx_word' id='word_1_93' title='bbox 1036 1187 1212 1244; x_wconf 86' lang='lat' dir='ltr'><strong>reflexionem</strong></span> <span class='ocrx_word' id='word_1_94' title='bbox 1230 1195 1259 1244; x_wconf 91' lang='grc'>61</span> <span class='ocrx_word' id='word_1_95' title='bbox 1277 1189 1395 1246; x_wconf 88' lang='grc'>66666611</span> <span class='ocrx_word' id='word_1_96' title='bbox 1411 1187 1576 1258; x_wconf 84' lang='lat' dir='ltr'><strong>objectioni,</strong></span> <span class='ocrx_word' id='word_1_97' title='bbox 1598 1201 1641 1240; x_wconf 90' lang='lat' dir='ltr'>cur</span> 
     </span>
     <span class='ocr_line' id='line_1_12' title="bbox 293 1263 1019 1336; baseline -0.004 -11"><span class='ocrx_word' id='word_1_98' title='bbox 293 1286 348 1325; x_wconf 91' lang='lat' dir='ltr'>non</span> <span class='ocrx_word' id='word_1_99' title='bbox 367 1269 449 1324; x_wconf 88' lang='lat' dir='ltr'><strong>etlam</strong></span> <span class='ocrx_word' id='word_1_100' title='bbox 466 1266 605 1323; x_wconf 84' lang='lat' dir='ltr'><strong>videamus</strong></span> <span class='ocrx_word' id='word_1_101' title='bbox 623 1266 767 1336; x_wconf 80' lang='lat' dir='ltr'><strong>imaginem</strong></span> <span class='ocrx_word' id='word_1_102' title='bbox 785 1263 857 1322; x_wconf 84' lang='lat' dir='ltr'><strong>Solis</strong></span> <span class='ocrx_word' id='word_1_103' title='bbox 875 1267 904 1322; x_wconf 91' lang='grc'>16</span> <span class='ocrx_word' id='word_1_104' title='bbox 921 1267 1019 1323; x_wconf 78' lang='lat' dir='ltr'><strong>Luna?</strong></span> 
     </span>
    </p>

    <p class='ocr_par' dir='ltr' id='par_1_9' title="bbox 400 1343 1388 1415">
     <span class='ocr_line' id='line_1_13' title="bbox 400 1343 1388 1415; baseline -0.004 -11"><span class='ocrx_word' id='word_1_105' title='bbox 400 1349 441 1404; x_wconf 84' lang='grc'>62.</span> <span class='ocrx_word' id='word_1_106' title='bbox 462 1345 655 1415; x_wconf 74' lang='lat' dir='ltr'><strong>subintellige:</strong></span> <span class='ocrx_word' id='word_1_107' title='bbox 677 1345 871 1415; x_wconf 80' lang='grc'>,8611616666</span> <span class='ocrx_word' id='word_1_108' title='bbox 890 1362 925 1401; x_wconf 91' lang='lat' dir='ltr'>ex</span> <span class='ocrx_word' id='word_1_109' title='bbox 943 1362 1015 1415; x_wconf 88' lang='lat' dir='ltr'><strong>aqua</strong></span> <span class='ocrx_word' id='word_1_110' title='bbox 1032 1343 1135 1401; x_wconf 88' lang='lat' dir='ltr'><strong>reflexo</strong></span> <span class='ocrx_word' id='word_1_111' title='bbox 1152 1343 1229 1401; x_wconf 85' lang='lat' dir='ltr'><strong>radio</strong></span> <span class='ocrx_word' id='word_1_112' title='bbox 1248 1343 1388 1400; x_wconf 67' lang='lat' dir='ltr'><strong>formata*</strong></span> 
     </span>
    </p>

    <p class='ocr_par' dir='ltr' id='par_1_10' title="bbox 294 1419 1640 1654">
     <span class='ocr_line' id='line_1_14' title="bbox 399 1419 1640 1494; baseline -0.01 -8"><span class='ocrx_word' id='word_1_113' title='bbox 399 1428 442 1486; x_wconf 83' lang='grc'>63.</span> <span class='ocrx_word' id='word_1_114' title='bbox 460 1427 537 1482; x_wconf 87' lang='lat' dir='ltr'><strong>Haeo</strong></span> <span class='ocrx_word' id='word_1_115' title='bbox 555 1425 672 1494; x_wconf 89' lang='lat' dir='ltr'><strong>objectio</strong></span> <span class='ocrx_word' id='word_1_116' title='bbox 691 1425 815 1494; x_wconf 76' lang='lat' dir='ltr'><strong>dirigitur</strong></span> <span class='ocrx_word' id='word_1_117' title='bbox 833 1431 908 1482; x_wconf 89' lang='lat' dir='ltr'><strong>reeta</strong></span> <span class='ocrx_word' id='word_1_118' title='bbox 925 1432 1019 1480; x_wconf 87' lang='lat' dir='ltr'><strong>contra</strong></span> <span class='ocrx_word' id='word_1_119' title='bbox 1036 1426 1240 1493; x_wconf 79' lang='lat' dir='ltr'><strong>responsionum</strong></span> <span class='ocrx_word' id='word_1_120' title='bbox 1253 1423 1340 1492; x_wconf 89' lang='lat' dir='ltr'><strong>Lucii,</strong></span> <span class='ocrx_word' id='word_1_121' title='bbox 1358 1421 1537 1478; x_wconf 86' lang='lat' dir='ltr'><strong>reflexionem</strong></span> <span class='ocrx_word' id='word_1_122' title='bbox 1554 1419 1640 1476; x_wconf 87' lang='lat' dir='ltr'><strong>deien-</strong></span> 
     </span>
     <span class='ocr_line' id='line_1_15' title="bbox 294 1500 1640 1573; baseline -0.006 -11"><span class='ocrx_word' id='word_1_123' title='bbox 294 1505 384 1563; x_wconf 88' lang='lat' dir='ltr'><strong>dontis</strong></span> <span class='ocrx_word' id='word_1_124' title='bbox 403 1503 603 1573; x_wconf 82' lang='grc'>6666616188.</span> <span class='ocrx_word' id='word_1_125' title='bbox 623 1510 651 1559; x_wconf 90' lang='grc'>61</span> <span class='ocrx_word' id='word_1_126' title='bbox 667 1519 754 1559; x_wconf 85' lang='lat' dir='ltr'><strong>meam</strong></span> <span class='ocrx_word' id='word_1_127' title='bbox 772 1511 864 1560; x_wconf 89' lang='lat' dir='ltr'><strong>notam</strong></span> <span class='ocrx_word' id='word_1_128' title='bbox 875 1503 936 1572; x_wconf 83' lang='lat'><strong>(32).</strong></span> <span class='ocrx_word' id='word_1_129' title='bbox 966 1503 1037 1558; x_wconf 86' lang='lat' dir='ltr'>Nam</span> <span class='ocrx_word' id='word_1_130' title='bbox 1055 1502 1199 1559; x_wconf 91' lang='lat' dir='ltr'><strong>delineatio</strong></span> <span class='ocrx_word' id='word_1_131' title='bbox 1217 1502 1290 1558; x_wconf 88' lang='grc'>6116</span> <span class='ocrx_word' id='word_1_132' title='bbox 1307 1516 1351 1556; x_wconf 91' lang='lat' dir='ltr'>me</span> <span class='ocrx_word' id='word_1_133' title='bbox 1369 1500 1497 1573; x_wconf 88' lang='lat' dir='ltr'><strong>suppleta</strong></span> <span class='ocrx_word' id='word_1_134' title='bbox 1514 1505 1640 1571; x_wconf 88' lang='lat' dir='ltr'><strong>punctum</strong></span> 
     </span>
     <span class='ocr_line' id='line_1_16' title="bbox 295 1582 1104 1654; baseline -0.001 -11"><span class='ocrx_word' id='word_1_135' title='bbox 295 1583 421 1650; x_wconf 79' lang='grc'>61166611,</span> <span class='ocrx_word' id='word_1_136' title='bbox 440 1583 468 1638; x_wconf 92' lang='grc'>16</span> <span class='ocrx_word' id='word_1_137' title='bbox 486 1598 540 1653; x_wconf 90' lang='grc'>666</span> <span class='ocrx_word' id='word_1_138' title='bbox 558 1583 643 1640; x_wconf 85' lang='grc'>616661</span> <span class='ocrx_word' id='word_1_139' title='bbox 660 1583 740 1640; x_wconf 89' lang='lat' dir='ltr'><strong>debet</strong></span> <span class='ocrx_word' id='word_1_140' title='bbox 754 1583 842 1654; x_wconf 79' lang='lat' dir='ltr'><strong>imago</strong></span> <span class='ocrx_word' id='word_1_141' title='bbox 861 1582 941 1639; x_wconf 84' lang='lat' dir='ltr'><strong>Solis.</strong></span> <span class='ocrx_word' id='word_1_142' title='bbox 1101 1635 1104 1642; x_wconf 92' lang='grc'>.</span> 
     </span>
    </p>

    <p class='ocr_par' dir='ltr' id='par_1_11' title="bbox 294 1657 1638 1812">
     <span class='ocr_line' id='line_1_17' title="bbox 398 1657 1638 1731; baseline -0.006 -12"><span class='ocrx_word' id='word_1_143' title='bbox 398 1662 440 1719; x_wconf 78' lang='lat' dir='ltr'>ot.</span> <span class='ocrx_word' id='word_1_144' title='bbox 458 1663 540 1718; x_wconf 84' lang='lat' dir='ltr'><strong>Ratio</strong></span> <span class='ocrx_word' id='word_1_145' title='bbox 558 1661 626 1718; x_wconf 91' lang='lat' dir='ltr'><strong>nibil</strong></span> <span class='ocrx_word' id='word_1_146' title='bbox 643 1662 678 1719; x_wconf 97' lang='grc'>66</span> <span class='ocrx_word' id='word_1_147' title='bbox 694 1679 760 1730; x_wconf 89' lang='lat' dir='ltr'><strong>rem,</strong></span> <span class='ocrx_word' id='word_1_148' title='bbox 780 1679 830 1719; x_wconf 90' lang='lat' dir='ltr'>nec</span> <span class='ocrx_word' id='word_1_149' title='bbox 841 1667 964 1731; x_wconf 86' lang='lat' dir='ltr'><strong>praestat</strong></span> <span class='ocrx_word' id='word_1_150' title='bbox 978 1661 1174 1716; x_wconf 87' lang='lat' dir='ltr'><strong>immunitatem</strong></span> <span class='ocrx_word' id='word_1_151' title='bbox 1189 1659 1411 1729; x_wconf 88' lang='lat' dir='ltr'><strong>repraesentandi</strong></span> <span class='ocrx_word' id='word_1_152' title='bbox 1424 1657 1496 1716; x_wconf 91' lang='grc'>86166</span> <span class='ocrx_word' id='word_1_153' title='bbox 1508 1658 1561 1714; x_wconf 89' lang='lat' dir='ltr'>sub</span> <span class='ocrx_word' id='word_1_154' title='bbox 1571 1657 1638 1712; x_wconf 91' lang='lat' dir='ltr'><strong>bori-</strong></span> 
     </span>
     <span class='ocr_line' id='line_1_18' title="bbox 294 1705 1023 1834; baseline -0.003 -36"><span class='ocrx_word' id='word_1_155' title='bbox 294 1748 373 1798; x_wconf 86' lang='lat' dir='ltr'><strong>aonte</strong></span> <span class='ocrx_word' id='word_1_156' title='bbox 390 1742 523 1797; x_wconf 83' lang='lat' dir='ltr'><strong>versantia</strong></span> <span class='ocrx_word' id='word_1_157' title='bbox 542 1741 611 1800; x_wconf 79' lang='lat' dir='ltr'><strong>sitm</strong></span> <span class='ocrx_word' id='word_1_158' title='bbox 630 1705 886 1834; x_wconf 78' lang='grc'>6666661666616</span> <span class='ocrx_word' id='word_1_159' title='bbox 904 1739 1023 1798; x_wconf 87' lang='lat' dir='ltr'><strong>sublimi.</strong></span> 
     </span>
    </p>

    <p class='ocr_par' dir='ltr' id='par_1_12' title="bbox 296 1813 1642 1970">
     <span class='ocr_line' id='line_1_19' title="bbox 397 1813 1640 1913; baseline -0.005 -37"><span class='ocrx_word' id='word_1_160' title='bbox 397 1821 439 1876; x_wconf 88' lang='grc'>65.</span> <span class='ocrx_word' id='word_1_161' title='bbox 459 1820 535 1874; x_wconf 84' lang='lat' dir='ltr'><strong>Haeo</strong></span> <span class='ocrx_word' id='word_1_162' title='bbox 551 1823 694 1913; x_wconf 76' lang='lat' dir='ltr'><strong>responsio</strong></span> <span class='ocrx_word' id='word_1_163' title='bbox 712 1837 777 1878; x_wconf 84' lang='lat' dir='ltr'><strong>uera</strong></span> <span class='ocrx_word' id='word_1_164' title='bbox 794 1820 904 1890; x_wconf 88' lang='lat' dir='ltr'><strong>quidem</strong></span> <span class='ocrx_word' id='word_1_165' title='bbox 923 1826 965 1876; x_wconf 88' lang='lat' dir='ltr'>est</span> <span class='ocrx_word' id='word_1_166' title='bbox 983 1826 1011 1877; x_wconf 92' lang='grc'>61</span> <span class='ocrx_word' id='word_1_167' title='bbox 1029 1835 1063 1874; x_wconf 91' lang='lat' dir='ltr'>ex</span> <span class='ocrx_word' id='word_1_168' title='bbox 1080 1825 1147 1887; x_wconf 86' lang='lat' dir='ltr'><strong>arte,</strong></span> <span class='ocrx_word' id='word_1_169' title='bbox 1167 1823 1195 1872; x_wconf 89' lang='lat' dir='ltr'>at</span> <span class='ocrx_word' id='word_1_170' title='bbox 1212 1833 1268 1873; x_wconf 92' lang='lat' dir='ltr'>non</span> <span class='ocrx_word' id='word_1_171' title='bbox 1285 1817 1351 1873; x_wconf 81' lang='grc'>66116</span> <span class='ocrx_word' id='word_1_172' title='bbox 1369 1815 1507 1886; x_wconf 87' lang='lat' dir='ltr'><strong>explicata</strong></span> <span class='ocrx_word' id='word_1_173' title='bbox 1522 1823 1552 1870; x_wconf 90' lang='lat' dir='ltr'>et</span> <span class='ocrx_word' id='word_1_174' title='bbox 1564 1813 1640 1870; x_wconf 78' lang='lat' dir='ltr'><strong>clara</strong></span> 
     </span>
     <span class='ocr_line' id='line_1_20' title="bbox 296 1895 1642 1970; baseline -0.004 -16"><span class='ocrx_word' id='word_1_175' title='bbox 296 1899 340 1956; x_wconf 89' lang='grc'>816</span> <span class='ocrx_word' id='word_1_176' title='bbox 360 1899 478 1956; x_wconf 76' lang='lat' dir='ltr'><strong>debebat</strong></span> <span class='ocrx_word' id='word_1_177' title='bbox 494 1900 625 1970; x_wconf 89' lang='lat' dir='ltr'><strong>proponi:</strong></span> <span class='ocrx_word' id='word_1_178' title='bbox 645 1901 751 1956; x_wconf 86' lang='lat' dir='ltr'><strong>etiamsi</strong></span> <span class='ocrx_word' id='word_1_179' title='bbox 770 1900 856 1966; x_wconf 86' lang='lat' dir='ltr'><strong>detur,</strong></span> <span class='ocrx_word' id='word_1_180' title='bbox 875 1902 981 1957; x_wconf 86' lang='lat' dir='ltr'><strong>Lunam</strong></span> <span class='ocrx_word' id='word_1_181' title='bbox 999 1915 1060 1956; x_wconf 87' lang='grc'>6666</span> <span class='ocrx_word' id='word_1_182' title='bbox 1078 1895 1218 1968; x_wconf 86' lang='lat' dir='ltr'><strong>speculum</strong></span> <span class='ocrx_word' id='word_1_183' title='bbox 1231 1897 1418 1966; x_wconf 87' lang='lat' dir='ltr'><strong>tersissimum,</strong></span> <span class='ocrx_word' id='word_1_184' title='bbox 1439 1903 1535 1951; x_wconf 84' lang='grc'>166666</span> <span class='ocrx_word' id='word_1_185' title='bbox 1547 1901 1642 1950; x_wconf 86' lang='grc'>66661</span> 
     </span>
    </p>

    <p class='ocr_par' dir='ltr' id='par_1_13' title="bbox 230 1973 1641 2053">
     <span class='ocr_line' id='line_1_21' title="bbox 230 1973 1641 2053; baseline -0.001 -21"><span class='ocrx_word' id='word_1_186' title='bbox 230 2042 234 2053; x_wconf 27' lang='grc' dir='ltr'>ι</span> <span class='ocrx_word' id='word_1_187' title='bbox 294 1977 413 2034; x_wconf 89' lang='lat' dir='ltr'><strong>rotunda</strong></span> <span class='ocrx_word' id='word_1_188' title='bbox 431 1978 466 2033; x_wconf 90' lang='lat' dir='ltr'>sit</span> <span class='ocrx_word' id='word_1_189' title='bbox 484 1983 512 2032; x_wconf 89' lang='lat' dir='ltr'>et</span> <span class='ocrx_word' id='word_1_190' title='bbox 530 1977 613 2034; x_wconf 89' lang='lat' dir='ltr'><strong>distet</strong></span> <span class='ocrx_word' id='word_1_191' title='bbox 630 1978 835 2049; x_wconf 75' lang='lat' dir='ltr'><strong>longissime,</strong></span> <span class='ocrx_word' id='word_1_192' title='bbox 826 1997 915 2050; x_wconf 77' lang='lat' dir='ltr'><strong>image</strong></span> <span class='ocrx_word' id='word_1_193' title='bbox 934 1979 1004 2036; x_wconf 87' lang='grc'>86116</span> <span class='ocrx_word' id='word_1_194' title='bbox 1022 1977 1090 2034; x_wconf 93' lang='grc'>6666</span> <span class='ocrx_word' id='word_1_195' title='bbox 1109 1978 1188 2033; x_wconf 90' lang='grc'>66661</span> <span class='ocrx_word' id='word_1_196' title='bbox 1205 1975 1296 2042; x_wconf 87' lang='lat' dir='ltr'><strong>exilis,</strong></span> <span class='ocrx_word' id='word_1_197' title='bbox 1315 1983 1346 2031; x_wconf 92' lang='lat' dir='ltr'>ut</span> <span class='ocrx_word' id='word_1_198' title='bbox 1363 1983 1557 2045; x_wconf 74' lang='lat' dir='ltr'><strong>evanesceret,</strong></span> <span class='ocrx_word' id='word_1_199' title='bbox 1581 1973 1641 2044; x_wconf 83' lang='lat' dir='ltr'><strong>quis</strong></span> 
     </span>
    </p>

    <p class='ocr_par' dir='ltr' id='par_1_14' title="bbox 292 2054 1642 2127">
     <span class='ocr_line' id='line_1_22' title="bbox 292 2054 1642 2127; baseline -0.003 -16"><span class='ocrx_word' id='word_1_200' title='bbox 292 2056 366 2112; x_wconf 88' lang='grc'>61666</span> <span class='ocrx_word' id='word_1_201' title='bbox 384 2055 522 2112; x_wconf 85' lang='lat' dir='ltr'><strong>subtilitas</strong></span> <span class='ocrx_word' id='word_1_202' title='bbox 540 2072 596 2112; x_wconf 93' lang='lat' dir='ltr'><strong>uon</strong></span> <span class='ocrx_word' id='word_1_203' title='bbox 613 2065 656 2114; x_wconf 87' lang='lat' dir='ltr'>est</span> <span class='ocrx_word' id='word_1_204' title='bbox 672 2057 786 2115; x_wconf 88' lang='grc'>1666116.</span> <span class='ocrx_word' id='word_1_205' title='bbox 824 2061 951 2116; x_wconf 79' lang='grc'>0666666</span> <span class='ocrx_word' id='word_1_206' title='bbox 968 2060 1039 2115; x_wconf 87' lang='grc'>6616</span> <span class='ocrx_word' id='word_1_207' title='bbox 1057 2057 1186 2127; x_wconf 89' lang='grc'>6666616,</span> <span class='ocrx_word' id='word_1_208' title='bbox 1205 2056 1285 2112; x_wconf 86' lang='lat' dir='ltr'><strong>etiam</strong></span> <span class='ocrx_word' id='word_1_209' title='bbox 1303 2072 1364 2112; x_wconf 90' lang='lat' dir='ltr'>cum</span> <span class='ocrx_word' id='word_1_210' title='bbox 1383 2056 1416 2112; x_wconf 91' lang='lat' dir='ltr'>de</span> <span class='ocrx_word' id='word_1_211' title='bbox 1435 2056 1591 2125; x_wconf 91' lang='lat' dir='ltr'><strong>propinquo</strong></span> <span class='ocrx_word' id='word_1_212' title='bbox 1607 2054 1642 2107; x_wconf 94' lang='lat' dir='ltr'>in-</span> 
     </span>
    </p>

    <p class='ocr_par' dir='ltr' id='par_1_15' title="bbox 295 2132 1641 2209">
     <span class='ocr_line' id='line_1_23' title="bbox 295 2132 1641 2209; baseline -0.003 -18"><span class='ocrx_word' id='word_1_213' title='bbox 295 2136 454 2206; x_wconf 90' lang='lat' dir='ltr'><strong>spiciuntur,</strong></span> <span class='ocrx_word' id='word_1_214' title='bbox 472 2136 603 2206; x_wconf 70' lang='lat' dir='ltr'><strong>imagines</strong></span> <span class='ocrx_word' id='word_1_215' title='bbox 622 2153 714 2192; x_wconf 89' lang='lat' dir='ltr'><strong>rorum</strong></span> <span class='ocrx_word' id='word_1_216' title='bbox 730 2146 872 2208; x_wconf 88' lang='lat' dir='ltr'><strong>praestant</strong></span> <span class='ocrx_word' id='word_1_217' title='bbox 890 2141 1015 2209; x_wconf 88' lang='lat' dir='ltr'><strong>minores,</strong></span> <span class='ocrx_word' id='word_1_218' title='bbox 1035 2154 1115 2208; x_wconf 92' lang='lat' dir='ltr'><strong>qnam</strong></span> <span class='ocrx_word' id='word_1_219' title='bbox 1134 2137 1157 2192; x_wconf 91' lang='lat' dir='ltr'>si</span> <span class='ocrx_word' id='word_1_220' title='bbox 1170 2135 1231 2205; x_wconf 90' lang='lat' dir='ltr'><strong>quis</strong></span> <span class='ocrx_word' id='word_1_221' title='bbox 1244 2149 1291 2190; x_wconf 87' lang='lat' dir='ltr'>eas</span> <span class='ocrx_word' id='word_1_222' title='bbox 1308 2150 1353 2190; x_wconf 87' lang='lat' dir='ltr'>res</span> <span class='ocrx_word' id='word_1_223' title='bbox 1365 2133 1468 2190; x_wconf 85' lang='lat' dir='ltr'><strong>directe</strong></span> <span class='ocrx_word' id='word_1_224' title='bbox 1485 2132 1641 2202; x_wconf 83' lang='lat' dir='ltr'><strong>inspexerit,</strong></span> 
     </span>
    </p>

    <p class='ocr_par' dir='ltr' id='par_1_16' title="bbox 291 2211 1643 2288">
     <span class='ocr_line' id='line_1_24' title="bbox 291 2211 1643 2288; baseline -0.004 -18"><span class='ocrx_word' id='word_1_225' title='bbox 291 2222 369 2271; x_wconf 87' lang='lat' dir='ltr'><strong>tanto</strong></span> <span class='ocrx_word' id='word_1_226' title='bbox 387 2231 452 2270; x_wconf 82' lang='lat' dir='ltr'><strong>vero</strong></span> <span class='ocrx_word' id='word_1_227' title='bbox 471 2231 578 2285; x_wconf 88' lang='lat' dir='ltr'><strong>semper</strong></span> <span class='ocrx_word' id='word_1_228' title='bbox 596 2217 714 2274; x_wconf 88' lang='lat' dir='ltr'><strong>minores</strong></span> <span class='ocrx_word' id='word_1_229' title='bbox 732 2219 791 2288; x_wconf 88' lang='lat' dir='ltr'><strong>bos,</strong></span> <span class='ocrx_word' id='word_1_230' title='bbox 811 2226 914 2287; x_wconf 91' lang='lat' dir='ltr'><strong>quante</strong></span> <span class='ocrx_word' id='word_1_231' title='bbox 932 2225 998 2273; x_wconf 89' lang='lat' dir='ltr'><strong>sunt</strong></span> <span class='ocrx_word' id='word_1_232' title='bbox 1014 2217 1076 2286; x_wconf 86' lang='lat' dir='ltr'><strong>ipsa</strong></span> <span class='ocrx_word' id='word_1_233' title='bbox 1092 2216 1239 2270; x_wconf 85' lang='lat' dir='ltr'><strong>remotiora</strong></span> <span class='ocrx_word' id='word_1_234' title='bbox 1256 2213 1353 2270; x_wconf 87' lang='grc'>66166.</span> <span class='ocrx_word' id='word_1_235' title='bbox 1381 2214 1420 2270; x_wconf 87' lang='lat' dir='ltr'>Et</span> <span class='ocrx_word' id='word_1_236' title='bbox 1437 2220 1468 2269; x_wconf 91' lang='lat' dir='ltr'>ut</span> <span class='ocrx_word' id='word_1_237' title='bbox 1486 2214 1562 2283; x_wconf 87' lang='lat' dir='ltr'><strong>ipsas</strong></span> <span class='ocrx_word' id='word_1_238' title='bbox 1575 2211 1643 2266; x_wconf 82' lang='lat' dir='ltr'><strong>iores</strong></span> 
     </span>
    </p>

    <p class='ocr_par' dir='ltr' id='par_1_17' title="bbox 292 2289 1643 2367">
     <span class='ocr_line' id='line_1_25' title="bbox 292 2289 1643 2367; baseline -0.001 -19"><span class='ocrx_word' id='word_1_239' title='bbox 292 2294 359 2349; x_wconf 81' lang='lat' dir='ltr'><strong>artie</strong></span> <span class='ocrx_word' id='word_1_240' title='bbox 377 2293 497 2364; x_wconf 86' lang='lat' dir='ltr'><strong>aperiam</strong></span> <span class='ocrx_word' id='word_1_241' title='bbox 514 2295 549 2349; x_wconf 93' lang='grc'>66</span> <span class='ocrx_word' id='word_1_242' title='bbox 568 2312 694 2352; x_wconf 90' lang='lat' dir='ltr'><strong>numeros</strong></span> <span class='ocrx_word' id='word_1_243' title='bbox 713 2302 834 2366; x_wconf 87' lang='lat' dir='ltr'><strong>exactos,</strong></span> <span class='ocrx_word' id='word_1_244' title='bbox 853 2297 1001 2367; x_wconf 78' lang='lat' dir='ltr'><strong>perpende,</strong></span> <span class='ocrx_word' id='word_1_245' title='bbox 1021 2295 1094 2365; x_wconf 93' lang='grc'>6666</span> <span class='ocrx_word' id='word_1_246' title='bbox 1111 2293 1181 2348; x_wconf 86' lang='grc'>66611</span> <span class='ocrx_word' id='word_1_247' title='bbox 1198 2290 1294 2362; x_wconf 90' lang='grc'>166161,</span> <span class='ocrx_word' id='word_1_248' title='bbox 1313 2293 1347 2345; x_wconf 87' lang='grc'>61</span> <span class='ocrx_word' id='word_1_249' title='bbox 1366 2291 1503 2362; x_wconf 87' lang='lat' dir='ltr'><strong>oppositis</strong></span> <span class='ocrx_word' id='word_1_250' title='bbox 1522 2289 1643 2346; x_wconf 80' lang='grc'>6616661·</span> 
     </span>
    </p>

    <p class='ocr_par' dir='ltr' id='par_1_18' title="bbox 293 2370 1644 2444">
     <span class='ocr_line' id='line_1_26' title="bbox 293 2370 1644 2444; baseline -0.002 -19"><span class='ocrx_word' id='word_1_251' title='bbox 293 2371 396 2428; x_wconf 84' lang='grc'>1611166</span> <span class='ocrx_word' id='word_1_252' title='bbox 415 2387 479 2427; x_wconf 85' lang='lat' dir='ltr'><strong>orae</strong></span> <span class='ocrx_word' id='word_1_253' title='bbox 492 2372 563 2427; x_wconf 90' lang='grc'>86116</span> <span class='ocrx_word' id='word_1_254' title='bbox 582 2373 696 2444; x_wconf 87' lang='lat' dir='ltr'><strong>delapsi,</strong></span> <span class='ocrx_word' id='word_1_255' title='bbox 716 2375 832 2432; x_wconf 89' lang='lat' dir='ltr'><strong>debeant</strong></span> <span class='ocrx_word' id='word_1_256' title='bbox 850 2375 923 2431; x_wconf 87' lang='lat' dir='ltr'><strong>coire</strong></span> <span class='ocrx_word' id='word_1_257' title='bbox 940 2375 1045 2444; x_wconf 89' lang='lat' dir='ltr'><strong>inipso</strong></span> <span class='ocrx_word' id='word_1_258' title='bbox 1064 2379 1157 2429; x_wconf 87' lang='lat' dir='ltr'><strong>centro</strong></span> <span class='ocrx_word' id='word_1_259' title='bbox 1175 2371 1266 2426; x_wconf 74' lang='lat' dir='ltr'><strong>rmus:</strong></span> <span class='ocrx_word' id='word_1_260' title='bbox 1284 2371 1338 2426; x_wconf 87' lang='grc'>6661</span> <span class='ocrx_word' id='word_1_261' title='bbox 1356 2371 1428 2426; x_wconf 89' lang='lat' dir='ltr'><strong>enim</strong></span> <span class='ocrx_word' id='word_1_262' title='bbox 1440 2371 1495 2427; x_wconf 89' lang='lat' dir='ltr'>boe</span> <span class='ocrx_word' id='word_1_263' title='bbox 1514 2370 1573 2440; x_wconf 85' lang='grc'>661,</span> <span class='ocrx_word' id='word_1_264' title='bbox 1592 2383 1644 2424; x_wconf 91' lang='grc'>666</span> 
     </span>
    </p>

    <p class='ocr_par' dir='ltr' id='par_1_19' title="bbox 293 2447 1644 2524">
     <span class='ocr_line' id='line_1_27' title="bbox 293 2447 1644 2524; baseline -0.001 -20"><span class='ocrx_word' id='word_1_265' title='bbox 293 2447 428 2505; x_wconf 81' lang='lat' dir='ltr'><strong>videbitur</strong></span> <span class='ocrx_word' id='word_1_266' title='bbox 445 2451 531 2505; x_wconf 91' lang='lat' dir='ltr'><strong>totius</strong></span> <span class='ocrx_word' id='word_1_267' title='bbox 550 2450 620 2506; x_wconf 89' lang='grc'>86116</span> <span class='ocrx_word' id='word_1_268' title='bbox 632 2453 737 2522; x_wconf 78' lang='lat' dir='ltr'><strong>imago.</strong></span> <span class='ocrx_word' id='word_1_269' title='bbox 761 2455 887 2524; x_wconf 76' lang='grc'>6666166</span> <span class='ocrx_word' id='word_1_270' title='bbox 905 2453 989 2524; x_wconf 78' lang='lat' dir='ltr'><strong>igitur</strong></span> <span class='ocrx_word' id='word_1_271' title='bbox 1005 2447 1088 2522; x_wconf 86' lang='lat' dir='ltr'><strong>hujus</strong></span> <span class='ocrx_word' id='word_1_272' title='bbox 1105 2464 1255 2506; x_wconf 77' lang='lat' dir='ltr'><strong>concursus</strong></span> <span class='ocrx_word' id='word_1_273' title='bbox 1273 2447 1365 2518; x_wconf 91' lang='lat' dir='ltr'><strong>prodit</strong></span> <span class='ocrx_word' id='word_1_274' title='bbox 1383 2449 1566 2518; x_wconf 82' lang='lat' dir='ltr'><strong>quantitatem</strong></span> <span class='ocrx_word' id='word_1_275' title='bbox 1583 2449 1644 2502; x_wconf 84' lang='lat' dir='ltr'><strong>ima·</strong></span> 
     </span>
    </p>

    <p class='ocr_par' dir='ltr' id='par_1_20' title="bbox 293 2527 1643 2602">
     <span class='ocr_line' id='line_1_28' title="bbox 293 2527 1643 2602; baseline -0.002 -18"><span class='ocrx_word' id='word_1_276' title='bbox 293 2529 363 2598; x_wconf 74' lang='lat' dir='ltr'><strong>ginis</strong></span> <span class='ocrx_word' id='word_1_277' title='bbox 387 2529 457 2586; x_wconf 83' lang='lat' dir='ltr'><strong>risui</strong></span> <span class='ocrx_word' id='word_1_278' title='bbox 482 2538 712 2599; x_wconf 85' lang='lat' dir='ltr'><strong>repraesentatae.</strong></span> <span class='ocrx_word' id='word_1_279' title='bbox 748 2533 852 2602; x_wconf 77' lang='lat' dir='ltr'><strong>Quodsi</strong></span> <span class='ocrx_word' id='word_1_280' title='bbox 877 2533 991 2590; x_wconf 85' lang='lat' dir='ltr'><strong>extremi</strong></span> <span class='ocrx_word' id='word_1_281' title='bbox 1012 2531 1040 2586; x_wconf 94' lang='lat' dir='ltr'>bi</span> <span class='ocrx_word' id='word_1_282' title='bbox 1064 2529 1133 2586; x_wconf 86' lang='lat' dir='ltr'><strong>radii</strong></span> <span class='ocrx_word' id='word_1_283' title='bbox 1155 2527 1323 2584; x_wconf 91' lang='grc'>1661666116</span> <span class='ocrx_word' id='word_1_284' title='bbox 1341 2529 1427 2584; x_wconf 87' lang='grc'>61666</span> <span class='ocrx_word' id='word_1_285' title='bbox 1451 2529 1570 2598; x_wconf 87' lang='grc'>6166616,</span> <span class='ocrx_word' id='word_1_286' title='bbox 1593 2527 1643 2582; x_wconf 83' lang='lat' dir='ltr'>ior</span> 
     </span>
    </p>

    <p class='ocr_par' dir='ltr' id='par_1_21' title="bbox 293 2607 1645 2684">
     <span class='ocr_line' id='line_1_29' title="bbox 293 2607 1645 2684; baseline 0.001 -23"><span class='ocrx_word' id='word_1_287' title='bbox 293 2607 518 2676; x_wconf 80' lang='grc'>66616666166</span> <span class='ocrx_word' id='word_1_288' title='bbox 536 2611 688 2678; x_wconf 85' lang='lat' dir='ltr'><strong>quantitate</strong></span> <span class='ocrx_word' id='word_1_289' title='bbox 706 2613 825 2669; x_wconf 87' lang='lat' dir='ltr'><strong>semissis</strong></span> <span class='ocrx_word' id='word_1_290' title='bbox 843 2614 923 2668; x_wconf 87' lang='grc'>66166</span> <span class='ocrx_word' id='word_1_291' title='bbox 942 2611 1053 2684; x_wconf 78' lang='lat' dir='ltr'><strong>gradus.</strong></span> <span class='ocrx_word' id='word_1_292' title='bbox 1075 2610 1150 2678; x_wconf 78' lang='lat' dir='ltr'><strong>Ergo</strong></span> <span class='ocrx_word' id='word_1_293' title='bbox 1169 2610 1250 2664; x_wconf 88' lang='lat' dir='ltr'><strong>etiam</strong></span> <span class='ocrx_word' id='word_1_294' title='bbox 1269 2608 1293 2662; x_wconf 91' lang='lat' dir='ltr'>si</span> <span class='ocrx_word' id='word_1_295' title='bbox 1305 2623 1340 2662; x_wconf 90' lang='lat' dir='ltr'>ex</span> <span class='ocrx_word' id='word_1_296' title='bbox 1358 2615 1452 2664; x_wconf 91' lang='lat' dir='ltr'><strong>centro</strong></span> <span class='ocrx_word' id='word_1_297' title='bbox 1464 2609 1581 2678; x_wconf 87' lang='lat' dir='ltr'><strong>speculi,</strong></span> <span class='ocrx_word' id='word_1_298' title='bbox 1599 2623 1645 2662; x_wconf 87' lang='grc'>666</span> 
     </span>
    </p>

    <p class='ocr_par' dir='ltr' id='par_1_22' title="bbox 292 2685 1673 2756">
     <span class='ocr_line' id='line_1_30' title="bbox 292 2685 1673 2756; baseline 0.001 -18"><span class='ocrx_word' id='word_1_299' title='bbox 292 2685 388 2741; x_wconf 83' lang='lat' dir='ltr'><strong>Lunae</strong></span> <span class='ocrx_word' id='word_1_300' title='bbox 405 2687 433 2740; x_wconf 93' lang='lat' dir='ltr'>in</span> <span class='ocrx_word' id='word_1_301' title='bbox 452 2686 586 2755; x_wconf 89' lang='lat' dir='ltr'><strong>quadrato</strong></span> <span class='ocrx_word' id='word_1_302' title='bbox 605 2689 677 2745; x_wconf 85' lang='lat' dir='ltr'><strong>Solis</strong></span> <span class='ocrx_word' id='word_1_303' title='bbox 695 2689 845 2747; x_wconf 88' lang='lat' dir='ltr'><strong>collocatae</strong></span> <span class='ocrx_word' id='word_1_304' title='bbox 863 2691 998 2749; x_wconf 86' lang='lat' dir='ltr'><strong>ducantur</strong></span> <span class='ocrx_word' id='word_1_305' title='bbox 1015 2695 1107 2745; x_wconf 88' lang='lat' dir='ltr'><strong>rectae</strong></span> <span class='ocrx_word' id='word_1_306' title='bbox 1132 2686 1167 2743; x_wconf 82' lang='lat' dir='ltr'>ad</span> <span class='ocrx_word' id='word_1_307' title='bbox 1186 2693 1322 2742; x_wconf 86' lang='lat' dir='ltr'><strong>extremas</strong></span> <span class='ocrx_word' id='word_1_308' title='bbox 1341 2687 1412 2743; x_wconf 88' lang='grc'>86116</span> <span class='ocrx_word' id='word_1_309' title='bbox 1436 2703 1515 2756; x_wconf 90' lang='lat' dir='ltr'><strong>oras,</strong></span> <span class='ocrx_word' id='word_1_310' title='bbox 1543 2687 1645 2742; x_wconf 82' lang='grc'>6116616-</span> <span class='ocrx_word' id='word_1_311' title='bbox 1670 2725 1673 2733; x_wconf 82' lang='grc'>.</span> 
     </span>
    </p>

    <p class='ocr_par' dir='ltr' id='par_1_23' title="bbox 293 2763 1645 2841">
     <span class='ocr_line' id='line_1_31' title="bbox 293 2763 1645 2841; baseline -0.001 -21"><span class='ocrx_word' id='word_1_312' title='bbox 293 2764 358 2820; x_wconf 88' lang='grc'>6661</span> <span class='ocrx_word' id='word_1_313' title='bbox 375 2763 439 2819; x_wconf 89' lang='grc'>11166</span> <span class='ocrx_word' id='word_1_314' title='bbox 457 2766 596 2822; x_wconf 87' lang='lat' dir='ltr'><strong>semissem</strong></span> <span class='ocrx_word' id='word_1_315' title='bbox 613 2768 713 2837; x_wconf 77' lang='lat' dir='ltr'><strong>gradus</strong></span> <span class='ocrx_word' id='word_1_316' title='bbox 731 2770 766 2825; x_wconf 94' lang='lat' dir='ltr'>ds</span> <span class='ocrx_word' id='word_1_317' title='bbox 784 2771 955 2827; x_wconf 79' lang='lat' dir='ltr'><strong>convexitate</strong></span> <span class='ocrx_word' id='word_1_318' title='bbox 974 2768 1093 2841; x_wconf 89' lang='lat' dir='ltr'><strong>speculi;</strong></span> <span class='ocrx_word' id='word_1_319' title='bbox 1118 2775 1234 2838; x_wconf 87' lang='lat' dir='ltr'><strong>utraque</strong></span> <span class='ocrx_word' id='word_1_320' title='bbox 1251 2779 1316 2821; x_wconf 82' lang='lat' dir='ltr'><strong>vero</strong></span> <span class='ocrx_word' id='word_1_321' title='bbox 1334 2772 1421 2836; x_wconf 88' lang='lat' dir='ltr'><strong>recta,</strong></span> <span class='ocrx_word' id='word_1_322' title='bbox 1442 2767 1482 2822; x_wconf 91' lang='lat' dir='ltr'>sic</span> <span class='ocrx_word' id='word_1_323' title='bbox 1499 2767 1584 2822; x_wconf 76' lang='lat' dir='ltr'><strong>rectis</strong></span> <span class='ocrx_word' id='word_1_324' title='bbox 1602 2780 1645 2818; x_wconf 88' lang='lat' dir='ltr'>an·</span> 
     </span>
    </p>
   </div>
   <div class='ocr_carea' id='block_1_4' title="bbox 192 2842 1648 2918">
    <p class='ocr_par' dir='ltr' id='par_1_24' title="bbox 192 2842 1648 2918">
     <span class='ocr_line' id='line_1_32' title="bbox 192 2842 1648 2918; baseline 0.001 -20"><span class='ocrx_word' id='word_1_325' title='bbox 192 2856 197 2865; x_wconf 94' lang='lat'>·</span> <span class='ocrx_word' id='word_1_326' title='bbox 293 2842 364 2914; x_wconf 79' lang='lat' dir='ltr'><strong>gulis</strong></span> <span class='ocrx_word' id='word_1_327' title='bbox 382 2843 489 2913; x_wconf 86' lang='lat' dir='ltr'><strong>illapsa,</strong></span> <span class='ocrx_word' id='word_1_328' title='bbox 508 2845 605 2905; x_wconf 82' lang='lat' dir='ltr'><strong>iisdem</strong></span> <span class='ocrx_word' id='word_1_329' title='bbox 622 2854 842 2918; x_wconf 86' lang='lat' dir='ltr'><strong>repercuteretur</strong></span> <span class='ocrx_word' id='word_1_330' title='bbox 859 2855 888 2904; x_wconf 91' lang='lat' dir='ltr'>et</span> <span class='ocrx_word' id='word_1_331' title='bbox 900 2849 940 2903; x_wconf 90' lang='lat' dir='ltr'>sie</span> <span class='ocrx_word' id='word_1_332' title='bbox 951 2849 1053 2903; x_wconf 88' lang='lat' dir='ltr'><strong>rediret</strong></span> <span class='ocrx_word' id='word_1_333' title='bbox 1070 2846 1105 2901; x_wconf 88' lang='lat' dir='ltr'>ad</span> <span class='ocrx_word' id='word_1_334' title='bbox 1125 2861 1204 2916; x_wconf 83' lang='lat' dir='ltr'><strong>suum</strong></span> <span class='ocrx_word' id='word_1_335' title='bbox 1222 2860 1347 2916; x_wconf 85' lang='lat' dir='ltr'><strong>quaeque</strong></span> <span class='ocrx_word' id='word_1_336' title='bbox 1359 2853 1492 2915; x_wconf 91' lang='lat' dir='ltr'><strong>punctum</strong></span> <span class='ocrx_word' id='word_1_337' title='bbox 1510 2861 1563 2902; x_wconf 90' lang='lat' dir='ltr'>seu</span> <span class='ocrx_word' id='word_1_338' title='bbox 1575 2859 1648 2902; x_wconf 82' lang='lat' dir='ltr'><strong>oram</strong></span> 
     </span>
    </p>
   </div>
   <div class='ocr_carea' id='block_1_5' title="bbox 287 2921 1715 4886">
    <p class='ocr_par' dir='ltr' id='par_1_25' title="bbox 287 2921 1715 4808">
     <span class='ocr_line' id='line_1_33' title="bbox 293 2921 1648 2997; baseline 0.001 -19"><span class='ocrx_word' id='word_1_339' title='bbox 293 2921 372 2992; x_wconf 90' lang='grc'>86116,</span> <span class='ocrx_word' id='word_1_340' title='bbox 390 2941 446 2979; x_wconf 89' lang='grc'>666</span> <span class='ocrx_word' id='word_1_341' title='bbox 463 2931 593 2980; x_wconf 86' lang='grc'>66666166</span> <span class='ocrx_word' id='word_1_342' title='bbox 611 2925 645 2980; x_wconf 87' lang='grc'>66</span> <span class='ocrx_word' id='word_1_343' title='bbox 664 2943 747 2982; x_wconf 89' lang='lat' dir='ltr'><strong>uuum</strong></span> <span class='ocrx_word' id='word_1_344' title='bbox 771 2925 881 2997; x_wconf 92' lang='lat' dir='ltr'><strong>aliquod</strong></span> <span class='ocrx_word' id='word_1_345' title='bbox 900 2934 1031 2996; x_wconf 88' lang='lat' dir='ltr'><strong>punctum</strong></span> <span class='ocrx_word' id='word_1_346' title='bbox 1048 2925 1131 2981; x_wconf 86' lang='grc'>61666.</span> <span class='ocrx_word' id='word_1_347' title='bbox 1167 2923 1205 2980; x_wconf 82' lang='grc'>111</span> <span class='ocrx_word' id='word_1_348' title='bbox 1222 2925 1306 2995; x_wconf 81' lang='lat' dir='ltr'><strong>igitur</strong></span> <span class='ocrx_word' id='word_1_349' title='bbox 1324 2925 1398 2981; x_wconf 88' lang='lat' dir='ltr'><strong>coire</strong></span> <span class='ocrx_word' id='word_1_350' title='bbox 1419 2926 1543 2996; x_wconf 89' lang='lat' dir='ltr'><strong>possint,</strong></span> <span class='ocrx_word' id='word_1_351' title='bbox 1567 2923 1648 2994; x_wconf 89' lang='lat' dir='ltr'><strong>siqui·</strong></span> 
     </span>
     <span class='ocr_line' id='line_1_34' title="bbox 292 3002 1649 3074; baseline 0.001 -18"><span class='ocrx_word' id='word_1_352' title='bbox 292 3002 354 3057; x_wconf 88' lang='lat' dir='ltr'>dem</span> <span class='ocrx_word' id='word_1_353' title='bbox 371 3002 446 3058; x_wconf 87' lang='grc'>61666</span> <span class='ocrx_word' id='word_1_354' title='bbox 471 3004 499 3058; x_wconf 91' lang='grc'>66</span> <span class='ocrx_word' id='word_1_355' title='bbox 522 3019 577 3058; x_wconf 88' lang='lat' dir='ltr'>una</span> <span class='ocrx_word' id='word_1_356' title='bbox 599 3007 771 3062; x_wconf 87' lang='lat' dir='ltr'><strong>extremitato</strong></span> <span class='ocrx_word' id='word_1_357' title='bbox 789 3006 860 3062; x_wconf 86' lang='lat' dir='ltr'><strong>Solis</strong></span> <span class='ocrx_word' id='word_1_358' title='bbox 878 3006 1071 3074; x_wconf 86' lang='lat' dir='ltr'><strong>collocaretur,</strong></span> <span class='ocrx_word' id='word_1_359' title='bbox 1094 3009 1235 3074; x_wconf 89' lang='lat' dir='ltr'><strong>oporteret</strong></span> <span class='ocrx_word' id='word_1_360' title='bbox 1257 3019 1291 3058; x_wconf 90' lang='lat' dir='ltr'>ex</span> <span class='ocrx_word' id='word_1_361' title='bbox 1315 3003 1445 3074; x_wconf 88' lang='lat' dir='ltr'><strong>opposita</strong></span> <span class='ocrx_word' id='word_1_362' title='bbox 1463 3003 1537 3058; x_wconf 90' lang='grc'>86116</span> <span class='ocrx_word' id='word_1_363' title='bbox 1555 3019 1605 3059; x_wconf 87' lang='lat' dir='ltr'>ora</span> <span class='ocrx_word' id='word_1_364' title='bbox 1622 3003 1649 3057; x_wconf 90' lang='lat' dir='ltr'>in</span> 
     </span>
     <span class='ocr_line' id='line_1_35' title="bbox 291 3081 1650 3154; baseline 0.001 -18"><span class='ocrx_word' id='word_1_365' title='bbox 291 3089 423 3151; x_wconf 88' lang='lat' dir='ltr'><strong>punctum</strong></span> <span class='ocrx_word' id='word_1_366' title='bbox 440 3081 546 3137; x_wconf 90' lang='lat' dir='ltr'><strong>abseeti</strong></span> <span class='ocrx_word' id='word_1_367' title='bbox 565 3098 645 3138; x_wconf 86' lang='grc'>66666</span> <span class='ocrx_word' id='word_1_368' title='bbox 658 3085 700 3141; x_wconf 88' lang='grc'>30</span> <span class='ocrx_word' id='word_1_369' title='bbox 719 3085 909 3141; x_wconf 88' lang='lat' dir='ltr'><strong>intermedium</strong></span> <span class='ocrx_word' id='word_1_370' title='bbox 930 3086 993 3143; x_wconf 90' lang='lat' dir='ltr'><strong>duci</strong></span> <span class='ocrx_word' id='word_1_371' title='bbox 1005 3085 1086 3141; x_wconf 86' lang='lat' dir='ltr'><strong>aliam</strong></span> <span class='ocrx_word' id='word_1_372' title='bbox 1098 3089 1209 3152; x_wconf 89' lang='lat' dir='ltr'><strong>rectam,</strong></span> <span class='ocrx_word' id='word_1_373' title='bbox 1228 3098 1298 3154; x_wconf 90' lang='lat' dir='ltr'><strong>quae</strong></span> <span class='ocrx_word' id='word_1_374' title='bbox 1312 3082 1371 3152; x_wconf 87' lang='lat' dir='ltr'>jam</span> <span class='ocrx_word' id='word_1_375' title='bbox 1383 3082 1537 3152; x_wconf 85' lang='lat' dir='ltr'><strong>quadrante</strong></span> <span class='ocrx_word' id='word_1_376' title='bbox 1550 3083 1650 3153; x_wconf 77' lang='grc'>666666</span> 
     </span>
     <span class='ocr_line' id='line_1_36' title="bbox 290 3161 1715 3233; baseline 0.001 -17"><span class='ocrx_word' id='word_1_377' title='bbox 290 3161 422 3216; x_wconf 88' lang='lat' dir='ltr'><strong>inclinata</strong></span> <span class='ocrx_word' id='word_1_378' title='bbox 443 3162 597 3230; x_wconf 87' lang='lat' dir='ltr'><strong>quadrante</strong></span> <span class='ocrx_word' id='word_1_379' title='bbox 623 3165 706 3220; x_wconf 90' lang='lat' dir='ltr'><strong>etiam</strong></span> <span class='ocrx_word' id='word_1_380' title='bbox 729 3164 783 3219; x_wconf 91' lang='lat' dir='ltr'><strong>alio</strong></span> <span class='ocrx_word' id='word_1_381' title='bbox 801 3170 1022 3233; x_wconf 84' lang='lat' dir='ltr'><strong>repercuteretur</strong></span> <span class='ocrx_word' id='word_1_382' title='bbox 1046 3163 1281 3219; x_wconf 86' lang='grc'>616166166616</span> <span class='ocrx_word' id='word_1_383' title='bbox 1300 3161 1478 3232; x_wconf 84' lang='grc'>6616686116</span> <span class='ocrx_word' id='word_1_384' title='bbox 1498 3179 1550 3218; x_wconf 87' lang='lat' dir='ltr'>ora</span> <span class='ocrx_word' id='word_1_385' title='bbox 1569 3165 1649 3218; x_wconf 86' lang='lat' dir='ltr'><strong>situm</strong></span> <span class='ocrx_word' id='word_1_386' title='bbox 1714 3229 1715 3232; x_wconf 7' lang='grc' dir='ltr'><strong>Ἴ</strong></span> 
     </span>
     <span class='ocr_line' id='line_1_37' title="bbox 291 3235 1715 3310; baseline 0.001 -14"><span class='ocrx_word' id='word_1_387' title='bbox 291 3245 494 3308; x_wconf 87' lang='lat' dir='ltr'><strong>assequeretur.</strong></span> <span class='ocrx_word' id='word_1_388' title='bbox 530 3240 679 3297; x_wconf 86' lang='lat' dir='ltr'><strong>Translate</strong></span> <span class='ocrx_word' id='word_1_389' title='bbox 697 3259 760 3299; x_wconf 88' lang='lat' dir='ltr'><strong>rero</strong></span> <span class='ocrx_word' id='word_1_390' title='bbox 779 3242 859 3298; x_wconf 89' lang='grc'>66616</span> <span class='ocrx_word' id='word_1_391' title='bbox 879 3242 1005 3298; x_wconf 89' lang='lat' dir='ltr'><strong>deorsum</strong></span> <span class='ocrx_word' id='word_1_392' title='bbox 1023 3257 1041 3296; x_wconf 87' lang='lat' dir='ltr'>a</span> <span class='ocrx_word' id='word_1_393' title='bbox 1059 3241 1123 3297; x_wconf 89' lang='grc'>8616</span> <span class='ocrx_word' id='word_1_394' title='bbox 1141 3241 1361 3296; x_wconf 79' lang='grc'>6666616666</span> <span class='ocrx_word' id='word_1_395' title='bbox 1379 3255 1429 3297; x_wconf 91' lang='lat' dir='ltr'>seu</span> <span class='ocrx_word' id='word_1_396' title='bbox 1448 3242 1649 3310; x_wconf 71' lang='grc'>6666616616</span> <span class='ocrx_word' id='word_1_397' title='bbox 1714 3235 1715 3246; x_wconf 72' lang='grc'>’</span> 
     </span>
     <span class='ocr_line' id='line_1_38' title="bbox 292 3316 1649 3390; baseline 0 -18"><span class='ocrx_word' id='word_1_398' title='bbox 292 3316 492 3390; x_wconf 86' lang='grc'>6666611666,</span> <span class='ocrx_word' id='word_1_399' title='bbox 512 3336 583 3390; x_wconf 90' lang='lat' dir='ltr'><strong>quae</strong></span> <span class='ocrx_word' id='word_1_400' title='bbox 601 3337 635 3377; x_wconf 89' lang='lat' dir='ltr'>ex</span> <span class='ocrx_word' id='word_1_401' title='bbox 654 3337 702 3377; x_wconf 89' lang='lat' dir='ltr'>ora</span> <span class='ocrx_word' id='word_1_402' title='bbox 715 3321 786 3377; x_wconf 88' lang='lat' dir='ltr'><strong>Solis</strong></span> <span class='ocrx_word' id='word_1_403' title='bbox 803 3321 831 3375; x_wconf 92' lang='grc'>16</span> <span class='ocrx_word' id='word_1_404' title='bbox 850 3328 972 3377; x_wconf 87' lang='lat' dir='ltr'><strong>centrum</strong></span> <span class='ocrx_word' id='word_1_405' title='bbox 990 3319 1094 3390; x_wconf 86' lang='lat' dir='ltr'><strong>speculi</strong></span> <span class='ocrx_word' id='word_1_406' title='bbox 1113 3319 1237 3388; x_wconf 87' lang='lat' dir='ltr'><strong>ducitur,</strong></span> <span class='ocrx_word' id='word_1_407' title='bbox 1262 3325 1394 3390; x_wconf 88' lang='lat' dir='ltr'><strong>punctum</strong></span> <span class='ocrx_word' id='word_1_408' title='bbox 1413 3317 1576 3376; x_wconf 74' lang='lat' dir='ltr'><strong>relictionis</strong></span> <span class='ocrx_word' id='word_1_409' title='bbox 1593 3334 1649 3374; x_wconf 91' lang='lat' dir='ltr'><strong>nou</strong></span> 
     </span>
     <span class='ocr_line' id='line_1_39' title="bbox 289 3395 1651 3472; baseline 0.001 -20"><span class='ocrx_word' id='word_1_410' title='bbox 289 3395 348 3466; x_wconf 87' lang='lat' dir='ltr'>jam</span> <span class='ocrx_word' id='word_1_411' title='bbox 365 3396 500 3454; x_wconf 86' lang='lat' dir='ltr'><strong>bisecaret</strong></span> <span class='ocrx_word' id='word_1_412' title='bbox 517 3401 593 3455; x_wconf 91' lang='lat' dir='ltr'><strong>illum</strong></span> <span class='ocrx_word' id='word_1_413' title='bbox 612 3417 705 3457; x_wconf 88' lang='lat' dir='ltr'><strong>areum</strong></span> <span class='ocrx_word' id='word_1_414' title='bbox 722 3401 818 3457; x_wconf 86' lang='lat' dir='ltr'><strong>Lunae</strong></span> <span class='ocrx_word' id='word_1_415' title='bbox 837 3401 894 3472; x_wconf 87' lang='grc'>30,</span> <span class='ocrx_word' id='word_1_416' title='bbox 919 3400 969 3457; x_wconf 88' lang='grc'>666</span> <span class='ocrx_word' id='word_1_417' title='bbox 986 3408 1094 3456; x_wconf 85' lang='lat' dir='ltr'><strong>secaret</strong></span> <span class='ocrx_word' id='word_1_418' title='bbox 1115 3399 1144 3456; x_wconf 92' lang='lat' dir='ltr'>in</span> <span class='ocrx_word' id='word_1_419' title='bbox 1161 3399 1341 3470; x_wconf 87' lang='lat' dir='ltr'><strong>proportione</strong></span> <span class='ocrx_word' id='word_1_420' title='bbox 1359 3397 1598 3467; x_wconf 84' lang='lat' dir='ltr'><strong>propinquitatum</strong></span> <span class='ocrx_word' id='word_1_421' title='bbox 1616 3395 1651 3452; x_wconf 86' lang='lat' dir='ltr'>ad</span> 
     </span>
     <span class='ocr_line' id='line_1_40' title="bbox 291 3474 1648 3546; baseline 0.001 -15"><span class='ocrx_word' id='word_1_422' title='bbox 291 3474 434 3546; x_wconf 88' lang='lat' dir='ltr'><strong>speculum</strong></span> <span class='ocrx_word' id='word_1_423' title='bbox 452 3478 524 3534; x_wconf 86' lang='grc'>86166</span> <span class='ocrx_word' id='word_1_424' title='bbox 543 3486 571 3536; x_wconf 89' lang='grc'>61</span> <span class='ocrx_word' id='word_1_425' title='bbox 589 3479 672 3536; x_wconf 85' lang='grc'>61666.</span> <span class='ocrx_word' id='word_1_426' title='bbox 694 3482 731 3538; x_wconf 82' lang='lat' dir='ltr'>At</span> <span class='ocrx_word' id='word_1_427' title='bbox 748 3482 796 3538; x_wconf 88' lang='grc'>861</span> <span class='ocrx_word' id='word_1_428' title='bbox 815 3483 848 3539; x_wconf 82' lang='grc'>60</span> <span class='ocrx_word' id='word_1_429' title='bbox 865 3480 970 3537; x_wconf 85' lang='grc'>6161166</span> <span class='ocrx_word' id='word_1_430' title='bbox 988 3490 1032 3537; x_wconf 88' lang='lat' dir='ltr'>est</span> <span class='ocrx_word' id='word_1_431' title='bbox 1048 3479 1177 3535; x_wconf 87' lang='lat' dir='ltr'><strong>remotior</strong></span> <span class='ocrx_word' id='word_1_432' title='bbox 1189 3479 1298 3534; x_wconf 82' lang='grc'>61666</span> <span class='ocrx_word' id='word_1_433' title='bbox 1312 3477 1420 3534; x_wconf 86' lang='lat' dir='ltr'><strong>bisocta</strong></span> <span class='ocrx_word' id='word_1_434' title='bbox 1438 3477 1648 3546; x_wconf 80' lang='grc'>6160661666,</span> 
     </span>
     <span class='ocr_line' id='line_1_41' title="bbox 291 3553 1715 3627; baseline -0.001 -18"><span class='ocrx_word' id='word_1_435' title='bbox 291 3569 374 3623; x_wconf 89' lang='lat' dir='ltr'><strong>quam</strong></span> <span class='ocrx_word' id='word_1_436' title='bbox 393 3555 481 3611; x_wconf 88' lang='lat' dir='ltr'><strong>Terra</strong></span> <span class='ocrx_word' id='word_1_437' title='bbox 496 3571 545 3614; x_wconf 90' lang='lat' dir='ltr'>seu</span> <span class='ocrx_word' id='word_1_438' title='bbox 563 3559 639 3616; x_wconf 78' lang='lat' dir='ltr'><strong>uisus</strong></span> <span class='ocrx_word' id='word_1_439' title='bbox 665 3560 699 3615; x_wconf 84' lang='lat' dir='ltr'>ab</span> <span class='ocrx_word' id='word_1_440' title='bbox 717 3560 812 3616; x_wconf 88' lang='lat' dir='ltr'><strong>eadem</strong></span> <span class='ocrx_word' id='word_1_441' title='bbox 830 3560 916 3616; x_wconf 83' lang='lat' dir='ltr'><strong>Luna</strong></span> <span class='ocrx_word' id='word_1_442' title='bbox 953 3559 1129 3627; x_wconf 77' lang='lat' dir='ltr'><strong>sexagesima</strong></span> <span class='ocrx_word' id='word_1_443' title='bbox 1146 3557 1229 3624; x_wconf 76' lang='lat' dir='ltr'><strong>igitur</strong></span> <span class='ocrx_word' id='word_1_444' title='bbox 1245 3569 1310 3625; x_wconf 87' lang='lat' dir='ltr'><strong>pars</strong></span> <span class='ocrx_word' id='word_1_445' title='bbox 1329 3568 1409 3609; x_wconf 87' lang='lat' dir='ltr'><strong>arcus</strong></span> <span class='ocrx_word' id='word_1_446' title='bbox 1428 3555 1472 3610; x_wconf 85' lang='grc'>30</span> <span class='ocrx_word' id='word_1_447' title='bbox 1491 3553 1587 3609; x_wconf 87' lang='lat' dir='ltr'><strong>radios</strong></span> <span class='ocrx_word' id='word_1_448' title='bbox 1605 3568 1650 3608; x_wconf 86' lang='lat' dir='ltr'>ex·</span> <span class='ocrx_word' id='word_1_449' title='bbox 1714 3599 1715 3608; x_wconf 44' lang='lat'>2</span> 
     </span>
     <span class='ocr_line' id='line_1_42' title="bbox 290 3631 1715 3714; baseline -0.001 -28"><span class='ocrx_word' id='word_1_450' title='bbox 290 3639 437 3688; x_wconf 86' lang='lat' dir='ltr'><strong>tremarum</strong></span> <span class='ocrx_word' id='word_1_451' title='bbox 455 3634 525 3691; x_wconf 88' lang='grc'>86116</span> <span class='ocrx_word' id='word_1_452' title='bbox 545 3654 654 3694; x_wconf 88' lang='lat' dir='ltr'><strong>orarum</strong></span> <span class='ocrx_word' id='word_1_453' title='bbox 671 3646 859 3710; x_wconf 87' lang='lat' dir='ltr'><strong>repercuteret</strong></span> <span class='ocrx_word' id='word_1_454' title='bbox 876 3642 903 3694; x_wconf 91' lang='grc'>16</span> <span class='ocrx_word' id='word_1_455' title='bbox 922 3645 1045 3695; x_wconf 89' lang='lat' dir='ltr'><strong>centrum</strong></span> <span class='ocrx_word' id='word_1_456' title='bbox 1063 3637 1151 3704; x_wconf 84' lang='lat' dir='ltr'><strong>visua,</strong></span> <span class='ocrx_word' id='word_1_457' title='bbox 1175 3637 1228 3692; x_wconf 90' lang='lat' dir='ltr'>boe</span> <span class='ocrx_word' id='word_1_458' title='bbox 1246 3641 1290 3690; x_wconf 88' lang='lat' dir='ltr'>ast</span> <span class='ocrx_word' id='word_1_459' title='bbox 1307 3635 1369 3691; x_wconf 79' lang='lat'><strong>30¹¹.</strong></span> <span class='ocrx_word' id='word_1_460' title='bbox 1406 3631 1531 3704; x_wconf 86' lang='grc'>(8616611</span> <span class='ocrx_word' id='word_1_461' title='bbox 1549 3631 1649 3688; x_wconf 88' lang='lat' dir='ltr'><strong>bucin</strong></span> <span class='ocrx_word' id='word_1_462' title='bbox 1713 3689 1715 3714; x_wconf 36' lang='grc'>1</span> 
     </span>
     <span class='ocr_line' id='line_1_43' title="bbox 289 3711 1650 3786; baseline -0.001 -21"><span class='ocrx_word' id='word_1_463' title='bbox 289 3711 431 3779; x_wconf 85' lang='lat' dir='ltr'><strong>praesenti</strong></span> <span class='ocrx_word' id='word_1_464' title='bbox 448 3714 568 3782; x_wconf 77' lang='grc'>6666166,</span> <span class='ocrx_word' id='word_1_465' title='bbox 588 3716 633 3771; x_wconf 90' lang='grc'>611</span> <span class='ocrx_word' id='word_1_466' title='bbox 651 3733 730 3773; x_wconf 81' lang='lat' dir='ltr'><strong>arcum</strong></span> <span class='ocrx_word' id='word_1_467' title='bbox 748 3734 765 3774; x_wconf 91' lang='lat' dir='ltr'>a</span> <span class='ocrx_word' id='word_1_468' title='bbox 783 3718 840 3772; x_wconf 84' lang='lat' dir='ltr'><strong>suis</strong></span> <span class='ocrx_word' id='word_1_469' title='bbox 857 3716 1094 3786; x_wconf 85' lang='lat' dir='ltr'><strong>subtensisplane</strong></span> <span class='ocrx_word' id='word_1_470' title='bbox 1112 3713 1178 3769; x_wconf 92' lang='lat' dir='ltr'><strong>nibil</strong></span> <span class='ocrx_word' id='word_1_471' title='bbox 1196 3711 1288 3768; x_wconf 81' lang='lat' dir='ltr'><strong>differt</strong></span> <span class='ocrx_word' id='word_1_472' title='bbox 1303 3713 1337 3768; x_wconf 89' lang='lat' dir='ltr'>ad</span> <span class='ocrx_word' id='word_1_473' title='bbox 1351 3727 1472 3768; x_wconf 84' lang='lat' dir='ltr'><strong>sensum.</strong></span> <span class='ocrx_word' id='word_1_474' title='bbox 1503 3711 1650 3767; x_wconf 87' lang='lat' dir='ltr'><strong>Problema</strong></span> 
     </span>
     <span class='ocr_line' id='line_1_44' title="bbox 291 3789 1715 3866; baseline 0 -23"><span class='ocrx_word' id='word_1_475' title='bbox 291 3789 381 3859; x_wconf 89' lang='lat' dir='ltr'><strong>ipsum</strong></span> <span class='ocrx_word' id='word_1_476' title='bbox 400 3789 562 3863; x_wconf 82' lang='lat' dir='ltr'><strong>uniuersale,</strong></span> <span class='ocrx_word' id='word_1_477' title='bbox 579 3795 734 3852; x_wconf 80' lang='lat' dir='ltr'><strong>inveniendi</strong></span> <span class='ocrx_word' id='word_1_478' title='bbox 752 3804 883 3866; x_wconf 87' lang='lat' dir='ltr'><strong>punctum</strong></span> <span class='ocrx_word' id='word_1_479' title='bbox 899 3793 1055 3852; x_wconf 84' lang='lat' dir='ltr'><strong>reflexionis</strong></span> <span class='ocrx_word' id='word_1_480' title='bbox 1072 3795 1100 3847; x_wconf 90' lang='lat' dir='ltr'>in</span> <span class='ocrx_word' id='word_1_481' title='bbox 1113 3790 1224 3862; x_wconf 89' lang='lat' dir='ltr'><strong>speculo</strong></span> <span class='ocrx_word' id='word_1_482' title='bbox 1237 3807 1370 3862; x_wconf 83' lang='lat' dir='ltr'><strong>convexo,</strong></span> <span class='ocrx_word' id='word_1_483' title='bbox 1389 3807 1450 3847; x_wconf 89' lang='lat' dir='ltr'>oum</span> <span class='ocrx_word' id='word_1_484' title='bbox 1463 3789 1578 3846; x_wconf 85' lang='lat' dir='ltr'><strong>Vitellio</strong></span> <span class='ocrx_word' id='word_1_485' title='bbox 1596 3803 1649 3844; x_wconf 89' lang='lat' dir='ltr'><strong>uon</strong></span> <span class='ocrx_word' id='word_1_486' title='bbox 1713 3803 1715 3854; x_wconf 87' lang='lat'><strong>:</strong></span> 
     </span>
     <span class='ocr_line' id='line_1_45' title="bbox 292 3867 1650 3944; baseline -0.001 -20"><span class='ocrx_word' id='word_1_487' title='bbox 292 3869 328 3924; x_wconf 90' lang='lat' dir='ltr'>ait</span> <span class='ocrx_word' id='word_1_488' title='bbox 346 3868 382 3924; x_wconf 90' lang='lat' dir='ltr'>ad</span> <span class='ocrx_word' id='word_1_489' title='bbox 393 3885 498 3935; x_wconf 89' lang='lat' dir='ltr'><strong>manus,</strong></span> <span class='ocrx_word' id='word_1_490' title='bbox 517 3887 572 3927; x_wconf 90' lang='lat' dir='ltr'>non</span> <span class='ocrx_word' id='word_1_491' title='bbox 584 3872 661 3930; x_wconf 90' lang='lat' dir='ltr'><strong>lubet</strong></span> <span class='ocrx_word' id='word_1_492' title='bbox 672 3893 744 3931; x_wconf 92' lang='lat' dir='ltr'><strong>nune</strong></span> <span class='ocrx_word' id='word_1_493' title='bbox 756 3877 877 3944; x_wconf 83' lang='lat' dir='ltr'><strong>vexare.)</strong></span> <span class='ocrx_word' id='word_1_494' title='bbox 914 3874 1066 3944; x_wconf 74' lang='lat' dir='ltr'><strong>Quaeritur,</strong></span> <span class='ocrx_word' id='word_1_495' title='bbox 1084 3872 1129 3926; x_wconf 89' lang='lat' dir='ltr'>bio</span> <span class='ocrx_word' id='word_1_496' title='bbox 1140 3885 1241 3940; x_wconf 80' lang='lat' dir='ltr'><strong>parvus</strong></span> <span class='ocrx_word' id='word_1_497' title='bbox 1259 3887 1339 3926; x_wconf 86' lang='grc'>66666</span> <span class='ocrx_word' id='word_1_498' title='bbox 1357 3870 1453 3925; x_wconf 87' lang='lat' dir='ltr'><strong>Lunae</strong></span> <span class='ocrx_word' id='word_1_499' title='bbox 1471 3885 1528 3940; x_wconf 90' lang='lat' dir='ltr'><strong>quo</strong></span> <span class='ocrx_word' id='word_1_500' title='bbox 1547 3867 1650 3940; x_wconf 82' lang='grc'>666616</span> 
     </span>
     <span class='ocr_line' id='line_1_46' title="bbox 289 3946 1649 4023; baseline 0.001 -22"><span class='ocrx_word' id='word_1_501' title='bbox 289 3952 418 4001; x_wconf 89' lang='lat' dir='ltr'><strong>cernatur</strong></span> <span class='ocrx_word' id='word_1_502' title='bbox 435 3961 470 4001; x_wconf 86' lang='lat' dir='ltr'>ex</span> <span class='ocrx_word' id='word_1_503' title='bbox 482 3946 589 4005; x_wconf 78' lang='lat' dir='ltr'><strong>Terra?</strong></span> <span class='ocrx_word' id='word_1_504' title='bbox 612 3953 671 4008; x_wconf 87' lang='grc'>1166</span> <span class='ocrx_word' id='word_1_505' title='bbox 684 3954 765 4010; x_wconf 85' lang='grc'>166116</span> <span class='ocrx_word' id='word_1_506' title='bbox 778 3960 975 4023; x_wconf 86' lang='lat' dir='ltr'><strong>computamus.</strong></span> <span class='ocrx_word' id='word_1_507' title='bbox 1000 3953 1069 4008; x_wconf 88' lang='lat' dir='ltr'>Nam</span> <span class='ocrx_word' id='word_1_508' title='bbox 1083 3951 1106 4006; x_wconf 94' lang='lat' dir='ltr'>si</span> <span class='ocrx_word' id='word_1_509' title='bbox 1123 3951 1198 4006; x_wconf 90' lang='lat' dir='ltr'><strong>sinus</strong></span> <span class='ocrx_word' id='word_1_510' title='bbox 1216 3955 1290 4004; x_wconf 90' lang='grc'>16166</span> <span class='ocrx_word' id='word_1_511' title='bbox 1309 3963 1358 4006; x_wconf 88' lang='grc'>666</span> <span class='ocrx_word' id='word_1_512' title='bbox 1376 3949 1581 4005; x_wconf 88' lang='lat' dir='ltr'><strong>semidiameter</strong></span> <span class='ocrx_word' id='word_1_513' title='bbox 1592 3962 1649 4003; x_wconf 89' lang='lat' dir='ltr'><strong>cor-</strong></span> 
     </span>
     <span class='ocr_line' id='line_1_47' title="bbox 288 4015 1715 4100; baseline 0.001 -20"><span class='ocrx_word' id='word_1_514' title='bbox 288 4024 365 4095; x_wconf 91' lang='lat' dir='ltr'><strong>poris</strong></span> <span class='ocrx_word' id='word_1_515' title='bbox 383 4024 485 4081; x_wconf 89' lang='lat' dir='ltr'><strong>lunaris</strong></span> <span class='ocrx_word' id='word_1_516' title='bbox 498 4028 649 4097; x_wconf 85' lang='lat' dir='ltr'><strong>explicetur</strong></span> <span class='ocrx_word' id='word_1_517' title='bbox 659 4046 771 4086; x_wconf 86' lang='lat' dir='ltr'><strong>numero</strong></span> <span class='ocrx_word' id='word_1_518' title='bbox 784 4032 826 4100; x_wconf 94' lang='grc'>60,</span> <span class='ocrx_word' id='word_1_519' title='bbox 844 4037 876 4086; x_wconf 89' lang='grc'>61</span> <span class='ocrx_word' id='word_1_520' title='bbox 893 4030 964 4086; x_wconf 87' lang='grc'>66161</span> <span class='ocrx_word' id='word_1_521' title='bbox 975 4030 1217 4098; x_wconf 77' lang='lat' dir='ltr'><strong>Regiomontanus,</strong></span> <span class='ocrx_word' id='word_1_522' title='bbox 1236 4031 1303 4082; x_wconf 90' lang='lat' dir='ltr'><strong>tuno</strong></span> <span class='ocrx_word' id='word_1_523' title='bbox 1321 4027 1396 4082; x_wconf 89' lang='grc'>61666</span> <span class='ocrx_word' id='word_1_524' title='bbox 1415 4029 1563 4084; x_wconf 83' lang='grc'>6666630”</span> <span class='ocrx_word' id='word_1_525' title='bbox 1576 4025 1650 4096; x_wconf 84' lang='lat' dir='ltr'><strong>capit</strong></span> <span class='ocrx_word' id='word_1_526' title='bbox 1713 4015 1715 4036; x_wconf 78' lang='lat'><strong>⁴</strong></span> 
     </span>
     <span class='ocr_line' id='line_1_48' title="bbox 290 4103 1649 4174; baseline 0.001 -15"><span class='ocrx_word' id='word_1_527' title='bbox 290 4120 374 4173; x_wconf 89' lang='lat' dir='ltr'><strong>quam</strong></span> <span class='ocrx_word' id='word_1_528' title='bbox 391 4103 514 4174; x_wconf 88' lang='lat' dir='ltr'><strong>proxime</strong></span> <span class='ocrx_word' id='word_1_529' title='bbox 531 4107 566 4162; x_wconf 87' lang='grc'>30</span> <span class='ocrx_word' id='word_1_530' title='bbox 583 4107 671 4162; x_wconf 86' lang='lat' dir='ltr'><strong>tertia.</strong></span> <span class='ocrx_word' id='word_1_531' title='bbox 707 4108 769 4163; x_wconf 79' lang='grc'>666</span> <span class='ocrx_word' id='word_1_532' title='bbox 787 4123 850 4164; x_wconf 90' lang='grc'>6666</span> <span class='ocrx_word' id='word_1_533' title='bbox 868 4109 917 4164; x_wconf 84' lang='grc'>1116</span> <span class='ocrx_word' id='word_1_534' title='bbox 935 4109 979 4165; x_wconf 80' lang='grc'>60’</span> <span class='ocrx_word' id='word_1_535' title='bbox 1004 4107 1107 4163; x_wconf 86' lang='lat' dir='ltr'><strong>lunaria</strong></span> <span class='ocrx_word' id='word_1_536' title='bbox 1130 4104 1322 4161; x_wconf 86' lang='lat' dir='ltr'><strong>semidiametri</strong></span> <span class='ocrx_word' id='word_1_537' title='bbox 1349 4105 1478 4162; x_wconf 86' lang='lat' dir='ltr'><strong>videntur</strong></span> <span class='ocrx_word' id='word_1_538' title='bbox 1502 4107 1532 4162; x_wconf 90' lang='lat' dir='ltr'>in</span> <span class='ocrx_word' id='word_1_539' title='bbox 1555 4105 1649 4160; x_wconf 83' lang='lat' dir='ltr'><strong>Tertia</strong></span> 
     </span>
     <span class='ocr_line' id='line_1_49' title="bbox 289 4181 1715 4258; baseline 0 -21"><span class='ocrx_word' id='word_1_540' title='bbox 289 4183 389 4252; x_wconf 74' lang='lat' dir='ltr'><strong>angulo</strong></span> <span class='ocrx_word' id='word_1_541' title='bbox 410 4185 467 4252; x_wconf 73' lang='grc' dir='ltr'>(δ’,</span> <span class='ocrx_word' id='word_1_542' title='bbox 493 4197 559 4254; x_wconf 80' lang='lat' dir='ltr'><strong>orgo</strong></span> <span class='ocrx_word' id='word_1_543' title='bbox 582 4185 684 4243; x_wconf 84' lang='grc'>111630</span> <span class='ocrx_word' id='word_1_544' title='bbox 706 4187 786 4243; x_wconf 87' lang='grc'>166116</span> <span class='ocrx_word' id='word_1_545' title='bbox 804 4187 838 4242; x_wconf 90' lang='grc'>66</span> <span class='ocrx_word' id='word_1_546' title='bbox 857 4187 1056 4242; x_wconf 89' lang='lat' dir='ltr'><strong>semidiametro</strong></span> <span class='ocrx_word' id='word_1_547' title='bbox 1074 4185 1168 4240; x_wconf 85' lang='lat' dir='ltr'><strong>Lunae</strong></span> <span class='ocrx_word' id='word_1_548' title='bbox 1189 4183 1356 4239; x_wconf 82' lang='lat' dir='ltr'><strong>videbuntur</strong></span> <span class='ocrx_word' id='word_1_549' title='bbox 1381 4183 1410 4238; x_wconf 93' lang='lat' dir='ltr'>in</span> <span class='ocrx_word' id='word_1_550' title='bbox 1429 4183 1524 4240; x_wconf 80' lang='lat' dir='ltr'><strong>Terris</strong></span> <span class='ocrx_word' id='word_1_551' title='bbox 1546 4181 1650 4253; x_wconf 80' lang='lat' dir='ltr'><strong>angulo</strong></span> <span class='ocrx_word' id='word_1_552' title='bbox 1714 4245 1715 4258; x_wconf 57' lang='lat'><strong>,</strong></span> 
     </span>
     <span class='ocr_line' id='line_1_50' title="bbox 291 4259 1649 4334; baseline -0.001 -16"><span class='ocrx_word' id='word_1_553' title='bbox 291 4263 327 4332; x_wconf 66' lang='lat' dir='ltr'>ll</span> <span class='ocrx_word' id='word_1_554' title='bbox 344 4260 499 4332; x_wconf 83' lang='lat' dir='ltr'><strong>tertiorum,</strong></span> <span class='ocrx_word' id='word_1_555' title='bbox 521 4278 592 4330; x_wconf 88' lang='lat' dir='ltr'><strong>quae</strong></span> <span class='ocrx_word' id='word_1_556' title='bbox 608 4271 673 4319; x_wconf 90' lang='lat' dir='ltr'><strong>sunt</strong></span> <span class='ocrx_word' id='word_1_557' title='bbox 690 4281 753 4334; x_wconf 90' lang='lat' dir='ltr'><strong>pars</strong></span> <span class='ocrx_word' id='word_1_558' title='bbox 771 4269 870 4321; x_wconf 84' lang='grc'>661666</span> <span class='ocrx_word' id='word_1_559' title='bbox 888 4266 922 4321; x_wconf 88' lang='lat' dir='ltr'>de</span> <span class='ocrx_word' id='word_1_560' title='bbox 940 4283 995 4321; x_wconf 90' lang='lat' dir='ltr'>uuo</span> <span class='ocrx_word' id='word_1_561' title='bbox 1013 4263 1134 4321; x_wconf 89' lang='lat' dir='ltr'><strong>secondo</strong></span> <span class='ocrx_word' id='word_1_562' title='bbox 1153 4269 1182 4318; x_wconf 89' lang='lat' dir='ltr'>et</span> <span class='ocrx_word' id='word_1_563' title='bbox 1199 4277 1264 4333; x_wconf 84' lang='lat' dir='ltr'><strong>pars</strong></span> <span class='ocrx_word' id='word_1_564' title='bbox 1281 4259 1553 4330; x_wconf 79' lang='lat' dir='ltr'><strong>quadringentesima</strong></span> <span class='ocrx_word' id='word_1_565' title='bbox 1572 4269 1649 4318; x_wconf 86' lang='lat' dir='ltr'><strong>octo-</strong></span> 
     </span>
     <span class='ocr_line' id='line_1_51' title="bbox 291 4339 1715 4436; baseline 0 -39"><span class='ocrx_word' id='word_1_566' title='bbox 291 4344 395 4436; x_wconf 80' lang='grc'>6661666</span> <span class='ocrx_word' id='word_1_567' title='bbox 412 4341 446 4397; x_wconf 93' lang='grc'>66</span> <span class='ocrx_word' id='word_1_568' title='bbox 465 4356 519 4397; x_wconf 89' lang='grc'>666</span> <span class='ocrx_word' id='word_1_569' title='bbox 537 4342 776 4414; x_wconf 83' lang='grc'>66166,6666666</span> <span class='ocrx_word' id='word_1_570' title='bbox 795 4360 858 4415; x_wconf 88' lang='lat' dir='ltr'><strong>pars</strong></span> <span class='ocrx_word' id='word_1_571' title='bbox 876 4345 1085 4417; x_wconf 89' lang='lat' dir='ltr'><strong>quatuordecies</strong></span> <span class='ocrx_word' id='word_1_572' title='bbox 1103 4339 1535 4411; x_wconf 74' lang='grc'>616661666666616666166166</span> <span class='ocrx_word' id='word_1_573' title='bbox 1552 4339 1590 4396; x_wconf 89' lang='lat' dir='ltr'>de</span> <span class='ocrx_word' id='word_1_574' title='bbox 1607 4340 1651 4397; x_wconf 78' lang='lat'>30¹</span> <span class='ocrx_word' id='word_1_575' title='bbox 1714 4365 1715 4406; x_wconf 63' lang='lat' dir='ltr'><strong>i</strong></span> 
     </span>
     <span class='ocr_line' id='line_1_52' title="bbox 288 4386 1715 4514; baseline -0.003 -36"><span class='ocrx_word' id='word_1_576' title='bbox 288 4421 393 4514; x_wconf 81' lang='lat' dir='ltr'><strong>primis,</strong></span> <span class='ocrx_word' id='word_1_577' title='bbox 412 4420 514 4478; x_wconf 89' lang='grc'>66666</span> <span class='ocrx_word' id='word_1_578' title='bbox 532 4386 736 4490; x_wconf 73' lang='grc'>1666166666</span> <span class='ocrx_word' id='word_1_579' title='bbox 754 4422 850 4478; x_wconf 87' lang='lat' dir='ltr'><strong>Lunae</strong></span> <span class='ocrx_word' id='word_1_580' title='bbox 868 4429 1024 4494; x_wconf 87' lang='lat' dir='ltr'><strong>apparente</strong></span> <span class='ocrx_word' id='word_1_581' title='bbox 1065 4422 1138 4478; x_wconf 80' lang='grc'>11666</span> <span class='ocrx_word' id='word_1_582' title='bbox 1160 4436 1241 4490; x_wconf 87' lang='grc'>6666</span> <span class='ocrx_word' id='word_1_583' title='bbox 1259 4419 1338 4474; x_wconf 87' lang='lat' dir='ltr'><strong>exilis</strong></span> <span class='ocrx_word' id='word_1_584' title='bbox 1356 4419 1407 4476; x_wconf 90' lang='lat' dir='ltr'><strong>liat</strong></span> <span class='ocrx_word' id='word_1_585' title='bbox 1426 4421 1593 4477; x_wconf 89' lang='lat' dir='ltr'><strong>diameter</strong></span> <span class='ocrx_word' id='word_1_586' title='bbox 1584 4434 1651 4474; x_wconf 84' lang='lat' dir='ltr'><strong>rma·</strong></span> <span class='ocrx_word' id='word_1_587' title='bbox 1713 4423 1715 4474; x_wconf 89' lang='lat'>:</span> 
     </span>
     <span class='ocr_line' id='line_1_53' title="bbox 290 4493 1715 4572; baseline -0.006 -15"><span class='ocrx_word' id='word_1_588' title='bbox 290 4493 360 4570; x_wconf 76' lang='lat' dir='ltr'><strong>gini&#39;s</strong></span> <span class='ocrx_word' id='word_1_589' title='bbox 379 4497 461 4568; x_wconf 87' lang='lat' dir='ltr'><strong>Solis,</strong></span> <span class='ocrx_word' id='word_1_590' title='bbox 483 4499 507 4554; x_wconf 90' lang='lat' dir='ltr'>ai</span> <span class='ocrx_word' id='word_1_591' title='bbox 523 4505 641 4569; x_wconf 87' lang='lat' dir='ltr'><strong>ponatur</strong></span> <span class='ocrx_word' id='word_1_592' title='bbox 656 4498 736 4554; x_wconf 85' lang='lat' dir='ltr'><strong>Luna</strong></span> <span class='ocrx_word' id='word_1_593' title='bbox 753 4500 902 4570; x_wconf 89' lang='lat' dir='ltr'><strong>speculum,</strong></span> <span class='ocrx_word' id='word_1_594' title='bbox 921 4518 982 4556; x_wconf 90' lang='lat' dir='ltr'>cum</span> <span class='ocrx_word' id='word_1_595' title='bbox 1000 4501 1083 4572; x_wconf 90' lang='lat' dir='ltr'><strong>plena</strong></span> <span class='ocrx_word' id='word_1_596' title='bbox 1101 4505 1151 4554; x_wconf 91' lang='lat' dir='ltr'><strong>est.</strong></span> <span class='ocrx_word' id='word_1_597' title='bbox 1187 4499 1219 4554; x_wconf 91' lang='lat' dir='ltr'>ln</span> <span class='ocrx_word' id='word_1_598' title='bbox 1238 4499 1407 4567; x_wconf 88' lang='lat' dir='ltr'><strong>quadratura</strong></span> <span class='ocrx_word' id='word_1_599' title='bbox 1423 4515 1469 4555; x_wconf 91' lang='lat' dir='ltr'>ros</span> <span class='ocrx_word' id='word_1_600' title='bbox 1486 4515 1543 4556; x_wconf 90' lang='lat' dir='ltr'><strong>nou</strong></span> <span class='ocrx_word' id='word_1_601' title='bbox 1562 4496 1651 4554; x_wconf 88' lang='lat' dir='ltr'><strong>multo</strong></span> <span class='ocrx_word' id='word_1_602' title='bbox 1713 4507 1715 4548; x_wconf 77' lang='grc' dir='ltr'><em>ῖ</em></span> 
     </span>
     <span class='ocr_line' id='line_1_54' title="bbox 287 4576 1651 4650; baseline -0.004 -14"><span class='ocrx_word' id='word_1_603' title='bbox 287 4581 372 4637; x_wconf 88' lang='grc'>16161</span> <span class='ocrx_word' id='word_1_604' title='bbox 390 4580 483 4650; x_wconf 85' lang='grc'>616166,</span> <span class='ocrx_word' id='word_1_605' title='bbox 509 4577 562 4635; x_wconf 89' lang='grc'>6661</span> <span class='ocrx_word' id='word_1_606' title='bbox 579 4579 652 4648; x_wconf 88' lang='grc'>6666</span> <span class='ocrx_word' id='word_1_607' title='bbox 670 4585 735 4633; x_wconf 89' lang='grc'>1666</span> <span class='ocrx_word' id='word_1_608' title='bbox 752 4586 884 4648; x_wconf 89' lang='grc'>6666166</span> <span class='ocrx_word' id='word_1_609' title='bbox 902 4581 1059 4637; x_wconf 77' lang='grc'>6666616616</span> <span class='ocrx_word' id='word_1_610' title='bbox 1076 4579 1180 4636; x_wconf 87' lang='lat' dir='ltr'><strong>recedit</strong></span> <span class='ocrx_word' id='word_1_611' title='bbox 1198 4579 1234 4635; x_wconf 90' lang='lat' dir='ltr'>ad</span> <span class='ocrx_word' id='word_1_612' title='bbox 1252 4579 1326 4633; x_wconf 87' lang='lat' dir='ltr'><strong>latus</strong></span> <span class='ocrx_word' id='word_1_613' title='bbox 1344 4576 1417 4646; x_wconf 76' lang='lat' dir='ltr'><strong>globi</strong></span> <span class='ocrx_word' id='word_1_614' title='bbox 1437 4578 1535 4633; x_wconf 88' lang='lat' dir='ltr'><strong>Lunae</strong></span> <span class='ocrx_word' id='word_1_615' title='bbox 1553 4590 1651 4632; x_wconf 84' lang='grc'>666666</span> 
     </span>
     <span class='ocr_line' id='line_1_55' title="bbox 289 4655 1715 4728; baseline -0.002 -13"><span class='ocrx_word' id='word_1_616' title='bbox 289 4657 380 4715; x_wconf 80' lang='lat' dir='ltr'><strong>Solem</strong></span> <span class='ocrx_word' id='word_1_617' title='bbox 398 4657 507 4728; x_wconf 85' lang='grc'>(61161.</span> <span class='ocrx_word' id='word_1_618' title='bbox 526 4659 585 4713; x_wconf 87' lang='grc'>110.</span> <span class='ocrx_word' id='word_1_619' title='bbox 616 4663 746 4725; x_wconf 81' lang='lat' dir='ltr'><strong>punctum</strong></span> <span class='ocrx_word' id='word_1_620' title='bbox 765 4657 802 4726; x_wconf 89' lang='lat'>1),</span> <span class='ocrx_word' id='word_1_621' title='bbox 828 4657 931 4713; x_wconf 84' lang='lat' dir='ltr'><strong>faciens</strong></span> <span class='ocrx_word' id='word_1_622' title='bbox 959 4657 1145 4713; x_wconf 83' lang='grc'>6166661666</span> <span class='ocrx_word' id='word_1_623' title='bbox 1136 4656 1262 4728; x_wconf 77' lang='lat' dir='ltr'><strong>imaginis</strong></span> <span class='ocrx_word' id='word_1_624' title='bbox 1280 4657 1309 4711; x_wconf 92' lang='lat' dir='ltr'>in</span> <span class='ocrx_word' id='word_1_625' title='bbox 1327 4655 1405 4712; x_wconf 82' lang='grc'>61166</span> <span class='ocrx_word' id='word_1_626' title='bbox 1421 4655 1533 4726; x_wconf 75' lang='lat' dir='ltr'><strong>plagam</strong></span> <span class='ocrx_word' id='word_1_627' title='bbox 1551 4662 1651 4712; x_wconf 71' lang='lat' dir='ltr'><strong>exten</strong></span> <span class='ocrx_word' id='word_1_628' title='bbox 1714 4717 1715 4726; x_wconf 41' lang='lat'><strong>,</strong></span> 
     </span>
     <span class='ocr_line' id='line_1_56' title="bbox 289 4734 1242 4808; baseline -0.002 -14"><span class='ocrx_word' id='word_1_629' title='bbox 289 4751 348 4794; x_wconf 82' lang='lat' dir='ltr'>sam</span> <span class='ocrx_word' id='word_1_630' title='bbox 368 4737 458 4793; x_wconf 89' lang='lat' dir='ltr'><strong>adbuc</strong></span> <span class='ocrx_word' id='word_1_631' title='bbox 475 4735 669 4806; x_wconf 73' lang='lat' dir='ltr'><strong>angustiorem,</strong></span> <span class='ocrx_word' id='word_1_632' title='bbox 689 4737 791 4808; x_wconf 86' lang='lat' dir='ltr'><strong>quippe</strong></span> <span class='ocrx_word' id='word_1_633' title='bbox 807 4737 933 4807; x_wconf 79' lang='lat' dir='ltr'><strong>imaginis</strong></span> <span class='ocrx_word' id='word_1_634' title='bbox 950 4735 1066 4806; x_wconf 79' lang='lat' dir='ltr'><strong>liguram</strong></span> <span class='ocrx_word' id='word_1_635' title='bbox 1084 4734 1242 4806; x_wconf 85' lang='lat' dir='ltr'><strong>elliptioam.</strong></span> 
     </span>
    </p>

    <p class='ocr_par' dir='ltr' id='par_1_26' title="bbox 395 4811 1715 4886">
     <span class='ocr_line' id='line_1_57' title="bbox 395 4811 1715 4886; baseline 0.001 -17"><span class='ocrx_word' id='word_1_636' title='bbox 395 4814 438 4870; x_wconf 86' lang='grc'>66.</span> <span class='ocrx_word' id='word_1_637' title='bbox 457 4813 612 4884; x_wconf 80' lang='lat' dir='ltr'><strong>Responsio</strong></span> <span class='ocrx_word' id='word_1_638' title='bbox 630 4821 673 4872; x_wconf 87' lang='lat' dir='ltr'>est</span> <span class='ocrx_word' id='word_1_639' title='bbox 691 4813 802 4886; x_wconf 86' lang='lat' dir='ltr'><strong>optima,</strong></span> <span class='ocrx_word' id='word_1_640' title='bbox 819 4821 1011 4886; x_wconf 81' lang='lat' dir='ltr'><strong>praeterquam</strong></span> <span class='ocrx_word' id='word_1_641' title='bbox 1029 4814 1100 4870; x_wconf 85' lang='lat' dir='ltr'><strong>enim</strong></span> <span class='ocrx_word' id='word_1_642' title='bbox 1118 4814 1191 4885; x_wconf 90' lang='lat' dir='ltr'><strong>quod</strong></span> <span class='ocrx_word' id='word_1_643' title='bbox 1209 4813 1355 4885; x_wconf 75' lang='lat' dir='ltr'><strong>imaginem</strong></span> <span class='ocrx_word' id='word_1_644' title='bbox 1371 4811 1652 4872; x_wconf 71' lang='lat' dir='ltr'><strong>alutinensium</strong></span> <span class='ocrx_word' id='word_1_645' title='bbox 1713 4811 1715 4832; x_wconf 76' lang='lat'><em>²</em></span> 
     </span>
    </p>
   </div>
   <div class='ocr_carea' id='block_1_6' title="bbox 0 0 1722 5414">
    <p class='ocr_par' dir='ltr' id='par_1_27' title="bbox 0 0 1722 5414">
     <span class='ocr_line' id='line_1_58' title="bbox 0 0 1722 5414; baseline 0 0"><span class='ocrx_word' id='word_1_646' title='bbox 0 0 1722 5414; x_wconf 95' lang='lat' dir='ltr'> </span> 
     </span>
    </p>
   </div>
  </div>
 </body>
</html>
