3494 5426
323 382 389 454 378
436 329 447 348 ⁸
763 365 767 371 '
800 381 935 440 rausum
953 381 1050 438 asma
1067 380 1187 453 aaran

324 565 376 626 tris
397 579 482 624 masc
503 565 732 641 septuagenaria
752 564 903 626 necterent
923 581 1001 641 aque
1024 565 1105 622 vitiis
1127 561 1288 638 nonnullis,
1318 561 1426 638 quibus
1447 561 1569 622 laborat
1590 565 1686 620 mater

323 671 399 728 mea,
422 659 456 710 nt
477 657 547 710 suut
567 655 732 728 nugacitas,
756 655 919 728 curiositas,
942 655 987 711 ira
1008 651 1176 728 vehemens,
1198 652 1438 730 imprecationes,
1462 650 1636 728 pertinacia
1656 651 1684 706 in

324 739 620 818 expostulationibus,
643 758 722 816 quae
745 742 819 800 vitia
842 743 871 798 in
893 740 950 800 hac
972 747 1070 800 aetate
1093 749 1162 799 sunt
1183 756 1219 800 eo
1241 741 1298 799 loci
1320 738 1541 814 vulgatissima.
1578 737 1685 812 Itaque
1723 791 1725 808 ,

325 830 424 890 matris
447 845 533 886 meae
554 843 692 888 occursus
716 831 813 904 coepit
835 827 937 888 baberi
952 828 1163 904 inauspimtus,
1187 829 1273 904 eique
1287 829 1425 903 imputari
1440 824 1616 886 rumoribus
1640 827 1684 882 in-
1722 815 1725 900 ff

324 918 410 978 certis
432 913 560 992 pecudes
583 914 703 991 aliquae
726 918 892 978 morientes.
936 914 1033 975 Mater
1054 917 1162 974 irarum
1188 922 1218 975 et
1240 915 1343 974 furoris
1371 913 1462 990 plena
1492 930 1559 990 qno
1589 915 1683 988 magi
1724 939 1725 942 ¹

325 1002 525 1082 expostulavit
554 1019 620 1062 cum
649 1003 731 1063 faece
759 1003 878 1080 populi,
908 1002 965 1062 boc
987 1005 1082 1079 magis
1105 1002 1213 1062 famam
1236 1011 1266 1062 et
1287 1002 1472 1078 suspiciones
1501 1002 1598 1060 anxit.
1647 999 1683 1059 At
1723 1011 1725 1026 ¹

325 1091 495 1170 phrenetica
517 1089 688 1150 confirmata
710 1092 883 1165 rumoribus,
906 1107 981 1167 quos
1003 1093 1068 1166 ipsa
1082 1094 1176 1166 prium
1190 1093 1393 1162 seminaverat,
1416 1088 1683 1160 succrescentibus,
1722 1033 1725 1146 l

327 1179 446 1241 tandem
468 1179 597 1254 gravber
619 1177 798 1238 decumbens
820 1182 962 1239 accersito
985 1177 1184 1238 ecclesiastico
1207 1177 1238 1239 S.
1261 1176 1291 1239 S.
1307 1176 1513 1236 Eucharistiae
1538 1175 1683 1234 sumticnc
1723 1177 1725 1214 l

329 1267 512 1328 confirmavit
534 1281 603 1324 snas
626 1265 663 1324 de
685 1275 778 1325 matre
801 1283 867 1326 mca
891 1264 1038 1342 querelas,
1068 1268 1185 1343 saepius
1207 1284 1227 1325 a
1249 1275 1340 1324 matre
1362 1281 1428 1324 mea
1449 1281 1505 1340 per
1531 1266 1683 1321 internun-
1721 1219 1725 1352 l

328 1357 390 1416 cios
413 1352 565 1412 admonita
586 1360 700 1412 tantum
723 1354 808 1413 abest
837 1362 869 1413 ut
898 1355 1066 1427 desisteret,
1098 1362 1131 1412 nt
1151 1355 1251 1431 potius
1276 1359 1325 1412 14.
1349 1351 1478 1427 Augusti
1501 1353 1578 1410 anni
1604 1356 1682 1410 1615
1722 1355 1725 1410 i

327 1441 507 1522 praefectum
530 1439 641 1514 adfret,
664 1441 870 1501 assistentibus
893 1444 920 1500 ei
942 1443 1046 1500 marito
1070 1447 1099 1500 et
1121 1441 1208 1500 fratre
1232 1440 1375 1515 chirurgo,
1397 1441 1463 1498 cive
1489 1437 1683 1514 Tubingensi,
1721 1417 1725 1482 l

326 1532 475 1609 juniorum
497 1527 664 1605 Principum
688 1537 822 1602 tonsore,
846 1531 898 1604 qui
920 1545 956 1587 eo
978 1528 1026 1589 die
1049 1527 1122 1588 forte
1145 1545 1210 1588 curn
1235 1526 1401 1604 Principum
1423 1543 1485 1586 unu
1510 1525 1683 1602 Lccbergae
1722 1485 1725 1600 l

328 1625 399 1677 crat.
445 1615 561 1675 Vocata
582 1625 675 1676 mater
697 1633 773 1686 mea,
795 1615 914 1676 auditae
937 1615 1087 1693 querelae,
1117 1623 1211 1676 mater
1232 1633 1264 1674 se
1287 1613 1456 1687 defendere,
1488 1631 1562 1674 cnm
1587 1623 1683 1673 tonsu
1722 1613 1725 1694 ,³

328 1705 398 1764 diris
420 1704 692 1780 imprecationibus,
716 1705 803 1764 minis
826 1705 1071 1764 atrocissimarum
1094 1721 1255 1781 poenarum
1277 1705 1355 1762 facta
1376 1705 1496 1762 miscuit
1519 1709 1553 1760 et
1576 1701 1683 1760 nudato
1724 1705 1725 1708 ’

329 1793 463 1869 superins
486 1789 586 1868 gladio
609 1799 712 1867 peetus
734 1793 836 1850 matris
857 1808 940 1851 meae
963 1793 1108 1868 stringens
1132 1789 1289 1852 identidem
1313 1790 1491 1850 devovisse
1515 1789 1611 1863 diris,
1633 1807 1682 1847 ιιιι
1723 1829 1725 1882 3

331 1887 424 1942 mater
446 1895 575 1938 sororem
599 1875 683 1938 subm
707 1881 851 1953 restituat,
874 1897 928 1938 sna
950 1895 1040 1937 manu
1063 1895 1206 1939 casuram.
1243 1877 1336 1938 Jussn
1358 1875 1498 1954 praefecti
1522 1884 1599 1954 post
1621 1875 1682 1935 lon·
1723 1885 1725 1948 ἶ

329 1985 398 2046 gam
422 1967 639 2027 conniventiam
662 1969 725 2027 rixa
747 1969 884 2027 cessarit.
928 1965 994 2026 Nou
1017 1973 1079 2026 erat
1101 1969 1246 2044 integrum
1274 1966 1359 2026 matri
1388 1965 1501 2025 factum
1524 1965 1589 2025 hoe
1611 1964 1683 2022 brni-

329 2065 391 2117 tum
413 2056 618 2128 transmittere,
642 2071 678 2114 ue
701 2053 752 2114 alii
775 2053 832 2114 boc
853 2053 1019 2136 exemploru
1040 2055 1134 2114 secuti
1157 2052 1339 2114 cumularent
1361 2052 1431 2112 olim
1453 2052 1572 2112 indicia
1595 2051 1684 2112 male-
1723 2073 1725 2126 4

331 2144 407 2220 licif3
430 2143 546 2202 actions
560 2143 703 2216 instituta,
726 2142 931 2203 assistentibus
952 2141 1040 2202 fratre
1055 2150 1084 2202 ct
1098 2158 1198 2203 sorore
1212 2143 1296 2214 meis,
1318 2142 1418 2200 liberis
1434 2142 1542 2218 ipsius,
1560 2139 1685 2218 phrene-

330 2233 419 2292 ticam
443 2247 478 2290 eo
501 2228 628 2306 redegit,
661 2237 694 2290 ut
717 2236 869 2306 cogeretur
896 2227 1087 2306 respondere,
1117 2231 1253 2308 quamuis
1269 2228 1444 2294 ,diutissime
1475 2229 1684 2304 tergiversata,
1722 2187 1725 2326 1

330 2317 410 2396 quod
433 2317 497 2394 ejus
517 2319 622 2377 marito
644 2334 753 2394 magua
773 2333 842 2394 pars
860 2315 994 2393 judicum
1023 2324 1104 2376 arcta
1132 2317 1347 2378 necessitudine
1377 2315 1569 2389 cohaereret,
1603 2332 1685 2393 prae·
1723 2345 1725 2394 3

330 2408 424 2468 fuctus
447 2405 512 2482 eJns
534 2403 616 2464 fratri
638 2405 773 2482 chirurgo
797 2406 1009 2482 impensissime
1032 2405 1160 2478 faveret,
1190 2406 1315 2482 gratiam
1337 2405 1411 2464 forte
1432 2402 1613 2480 Principum
1635 2403 1685 2461 bac
1722 2395 1725 2538 Ι

330 2495 381 2554 uia
402 2507 562 2569 aucupans.
608 2491 713 2567 Itaque
735 2508 794 2551 non
817 2499 886 2553 aute
909 2499 1044 2553 exactum
1067 2509 1175 2552 annum
1205 2494 1361 2570 impetrare
1382 2493 1478 2566 potuit
1501 2499 1605 2552 mater
1625 2508 1685 2550 mea
1723 2545 1725 2566 ,

332 2582 409 2640 diem
432 2578 612 2656 producendi
635 2583 697 2640 suis
720 2580 854 2652 testibus,
877 2597 1000 2656 quorum
1014 2581 1189 2657 praecipuus
1212 2589 1276 2640 crat
1290 2579 1455 2656 praefectus
1478 2579 1545 2654 ipse
1562 2579 1683 2640 futuras
1723 2573 1725 2612 l

333 2669 406 2726 Dies
430 2667 508 2726 dicta
531 2673 583 2727 21.
601 2664 744 2740 Octobris,
768 2671 861 2727 mater
883 2676 972 2728 testes
995 2669 1160 2728 nominavit
1178 2673 1227 2728 13.
1243 2665 1388 2740 Octobris,
1411 2666 1584 2742 injunctum
1607 2667 1686 2726 testi·
1722 2633 1725 2718 l

334 2755 389 2814 bus
412 2771 464 2831 per
486 2755 649 2815 ministrnm
663 2753 814 2832 publicum
832 2761 880 2816 14.
899 2751 1044 2830 Octobris,
1068 2761 1100 2814 ut
1114 2761 1182 2833 post
1196 2747 1346 2816 octiduum
1361 2763 1578 2832 comparerent.
1619 2753 1685 2814 Cum
1723 2759 1725 2796 ³

334 2859 402 2903 cccc
425 2840 565 2918 postridie
584 2839 786 2902 tetrarchus
808 2849 901 2903 mater
922 2844 952 2901 in
975 2844 1105 2903 vicinum
1119 2859 1227 2920 pagum
1243 2859 1398 2903 excurrens
1412 2839 1518 2901 incidit
1531 2843 1566 2900 in
1588 2843 1685 2902 scriem
1723 2803 1725 2922 ξ

333 2929 497 3008 puellarum
520 2928 713 3007 bajulantium
736 2929 850 3006 tsgtdas
873 2930 976 2990 crudas
994 2929 1038 2990 'ad
1061 2937 1221 3004 cocturam,
1242 2930 1330 3006 juxta
1353 2946 1427 3007 quas
1448 2927 1542 2990 ductu
1566 2931 1685 2990 semitae
1722 2937 1725 3008 ξ

335 3020 378 3079 sic
401 3018 530 3091 transiit,
562 3027 594 3078 ut
616 3016 683 3077 illas
706 3019 888 3078 vestimentis
910 3019 1082 3093 stringeret3
1113 3015 1351 3078 animadvertens
1372 3023 1471 3078 antem
1494 3016 1568 3076 illas
1593 3017 1686 3093 fugere
1721 3031 1725 3110 j

333 3115 363 3166 st
385 3106 514 3166 aversari
536 3121 623 3164 snum
645 3121 811 3178 occursum,
832 3106 894 3181 jam
917 3112 1134 3182 praetergressa
1154 3104 1285 3182 respexit
1306 3104 1433 3181 illasque
1455 3105 1596 3164 vicissim
1620 3103 1686 3163 ellit

334 3193 535 3270 respicientes.
581 3191 652 3252 Erat
673 3193 748 3252 inter
769 3191 884 3268 puellas
907 3209 965 3253 uua
988 3195 1128 3266 octennis,
1152 3193 1236 3270 cujus
1260 3201 1353 3253 mater
1368 3193 1470 3268 Burga
1490 3195 1603 3268 paucis
1626 3197 1684 3250 ante

334 3281 505 3357 septimanis
533 3287 654 3340 matrem
684 3296 779 3340 meam
801 3279 902 3339 itidem
925 3279 1091 3340 insimulare
1123 3282 1219 3357 coepit
1246 3279 1383 3342 maleficii
1412 3279 1474 3339 filio
1502 3297 1580 3353 suo,
1613 3280 1683 3338 trani
1724 3289 1725 3324 1

334 3367 423 3445 hujus
445 3365 577 3444 puellae,
608 3367 698 3440 illati,
731 3383 795 3426 cum
820 3374 927 3426 certum
951 3369 997 3438 sit,
1021 3385 1143 3444 puerum
1166 3369 1205 3427 ab
1228 3368 1347 3428 ineunte
1373 3373 1472 3428 aetate
1494 3366 1592 3426 fnisse
1615 3364 1682 3426 mala

335 3457 465 3532 corporis
488 3454 604 3514 babitu:
627 3452 679 3513 scd
702 3470 767 3513 cum
791 3454 890 3530 Burga
912 3457 1133 3532 superstitiones
1156 3462 1291 3516 exerceat
1314 3457 1423 3515 vetitas
1443 3452 1683 3532 fratremqucdi·
1724 3459 1725 3498 1

335 3543 498 3602 vinctorem
522 3540 771 3603 accurationibus
796 3544 893 3602 vetitis
915 3543 1053 3602 infamem
1075 3541 1192 3616 habeat,
1216 3543 1280 3618 ejus
1304 3542 1459 3604 consiliant
1474 3550 1583 3603 secuta
1606 3540 1683 3601 insti-
1723 3569 1725 3604 ι

336 3632 392 3690 tuit
414 3629 506 3689 fllium
529 3645 615 3688 snum
637 3635 682 3690 ter
704 3626 805 3688 lavare
827 3628 948 3690 seclusis
972 3631 1144 3708 importunis
1166 3629 1274 3706 linguis
1290 3628 1467 3707 (bnbrlbclcu
1488 3629 1607 3706 baben),
1629 3643 1685 3691 cca
1723 3605 1725 3698 l

336 3717 449 3777 lavanti
473 3717 644 3793 supervenit
666 3721 758 3776 mater
779 3733 854 3789 mea,
878 3716 1008 3777 debitum
1031 3716 1180 3794 quoddam
1202 3735 1287 3778 suum
1310 3735 1480 3795 reposcens.
1511 3717 1585 3778 Hac
1608 3718 1683 3792 igitur
1723 3699 1725 3790 l

339 3806 492 3866 occasione
515 3812 596 3864 ortae
620 3810 702 3864 eraut
720 3803 783 3879 jam
806 3810 893 3864 autea
924 3806 1091 3865 inimicitiae
1121 3807 1197 3865 inter
1226 3813 1350 3866 matrem
1376 3813 1529 3866 meamet
1555 3805 1684 3880 Burgum,
1723 3795 1725 3876 l

337 3894 406 3970 quia
431 3893 608 3952 comminata
629 3897 692 3952 crat
713 3898 806 3952 mater
822 3907 895 3966 mea,
919 3909 950 3952 sc
967 3892 1094 3968 Burgum
1110 3899 1322 3953 accusaturum.
1354 3892 1452 3970 Hans
1469 3893 1564 3968 igitm
1577 3893 1684 3967 Bnrgac

336 3979 438 4052 filiola,
461 3982 563 4040 matris
586 3995 658 4038 suas
681 3979 931 4039 criminationibus
953 3980 1133 4056 quotidianis
1152 3980 1214 4056 jam
1238 3989 1326 4040 antea
1341 3982 1472 4040 animum
1488 3971 1684 4056 praeocc'npt-
1724 3975 1725 4040 l

337 4075 398 4126 turn
422 4065 510 4127 etde
533 4077 624 4126 matre
647 4083 712 4126 mea
736 4065 810 4126 male
833 4068 1005 4127 sentientem
1027 4084 1147 4144 gerens,
1170 4071 1269 4143 coepit
1290 4085 1356 4128 cum
1372 4069 1461 4128 sociis
1484 4067 1598 4145 puellis
1612 4065 1684 4142 inqu

337 4152 374 4216 de
397 4155 520 4215 transitu
543 4155 643 4214 matris
667 4169 749 4214 meas
771 4161 1014 4232 praetergressus,
1037 4157 1080 4214 sic
1102 4161 1135 4214 ut
1156 4155 1327 4232 tegularias,
1352 4155 1432 4233 apud
1453 4173 1545 4232 quem
1562 4156 1683 4233 depone·
1723 4169 1725 4228 j

339 4242 444 4303 bantur
467 4258 565 4315 onera,
590 4239 835 4302 confabulationis
859 4250 889 4303 et
910 4243 1050 4302 materiae
1072 4241 1161 4318 hujus
1184 4245 1357 4304 meminerit.
1403 4242 1511 4304 Puella
1535 4261 1573 4303 ex
1598 4261 1634 4302 eo
1654 4239 1683 4298 dc
1723 4233 1725 4306 ξ

338 4311 438 4391 dolor'e
462 4329 574 4391 brachii
598 4331 680 4406 queri
706 4336 752 4402 ,ct
774 4329 843 4406 laufi
857 4330 919 4398 Suu
941 4329 998 4406 cufi
1020 4329 1073 4390 nub
1096 4327 1130 4390 cb
1153 4333 1204 4389 tole
1224 4333 1267 4390 clu
1289 4329 1441 4406 fduelircl.
1478 4330 1589 4390 Statim
1604 4327 1683 4389 bidan
1723 4351 1725 4418 Σ

338 4419 487 4494 aequanti,
511 4425 671 4494 autequam
693 4418 829 4478 existeret
852 4417 972 4493 querela
994 4414 1139 4490 dilucida,
1164 4419 1220 4476 visi
1243 4427 1313 4478 sunt
1334 4435 1500 4478 commeare
1523 4418 1685 4494 Burgasct
1724 4453 1725 4456 =

338 4504 522 4581 phreneticus
544 4507 676 4576 maritus,
700 4503 800 4578 Burga
822 4507 899 4563 enim
921 4504 1108 4580 phreneticus
1131 4503 1351 4579 clientuls'cst,
1376 4508 1488 4583 quippe
1510 4504 1627 4565 familia
1646 4505 1685 4560 in·
1724 4545 1725 4570 ,

342 4607 394 4668 ops
417 4600 447 4652 et
469 4590 505 4651 dc
528 4593 648 4670 publica
670 4591 775 4650 visera
798 4588 1001 4669 elecmosyna3
1023 4590 1112 4651 fertur
1135 4594 1223 4651 etiarn
1247 4611 1352 4653 mensa
1374 4611 1441 4654 esse
1461 4600 1552 4670 caput
1567 4592 1685 4670 phrene-
1723 4575 1725 4624 ¹

342 4679 416 4738 tices
438 4679 536 4738 verbis
557 4678 728 4760 solennibus
750 4679 947 4753 pronunciatis
970 4679 1040 4754 (boc
1063 4680 1139 4740 enirn
1163 4688 1208 4740 cst
1230 4681 1306 4742 alias
1336 4680 1402 4757 ejus
1425 4681 1614 4753 exercitium)
1642 4694 1686 4737 cx·

338 4781 393 4840 quc
417 4783 598 4826 eamcusnra
624 4771 838 4842 :tegumentum
861 4763 1037 4826 detumuisse
1067 4768 1161 4827 morbi
1192 4767 1372 4838 maleficiatl.
1411 4768 1516 4828 Adfuit
1537 4769 1617 4828 intra
1638 4765 1686 4825 lnce

344 4849 419 4914 idem
440 4851 568 4914 triduum
591 4857 678 4916 stiam
701 4851 862 4931 chirurgus,
885 4852 973 4914 frater
994 4853 1200 4932 phreneticus,
1225 4873 1299 4917 usus
1322 4872 1409 4934 equo.
1455 4857 1533 4933 Ergo
1560 4861 1612 4916 17.
1636 4851 1687 4914 Oc·
