3436 5416
553 371 556 378 ’
622 366 863 441 luOrbehunae.
1015 331 1017 338 Ι
1374 383 1416 454 99
1550 311 1556 372 ,¹
1612 319 1620 343 Ι,
1656 341 1692 488 ζἹ

26 543 27 546 “
80 559 248 623 inferioribus
276 561 453 622 recumbere.
500 560 702 621 Contineutem
735 570 832 622 autem
861 578 1014 638 magnam,
1046 579 1121 639 quae
1151 525 1188 621 in,
1203 563 1303 623 orbem
1327 563 1417 639 cingit

78 666 202 724 magnum
224 665 312 725 mare,
335 651 431 709 minus
454 649 572 725 quidem
595 651 738 724 secteris,
762 650 799 710 ab
815 647 932 726 Ogygia
955 665 1023 709 vero
1047 651 1159 710 circiter
1181 650 1417 727 quinquemillia

80 736 228 796 stadiorum
259 737 519 824 abesse,uarrabat
542 741 608 794 mihi
627 741 739 810 author,
764 749 792 795 et
819 737 896 813 quod
921 755 955 796 eo
986 737 1116 797 tendenti
1148 738 1350 813 trajiciendum
1380 739 1418 797 sit
1510 767 1513 786 .
1656 715 1692 740 ¹

77 825 190 883 navibus
220 827 341 902 remigio
370 827 526 885 instructis.
572 823 644 884 Esse
668 827 744 883 euim
772 824 883 884 lentum
910 825 1052 901 navigato
1080 825 1203 901 pelagus
1227 832 1256 885 et
1277 826 1416 900 lutosum,
1513 843 1516 852 ·
1619 875 1655 904 ¹„
1677 875 1691 902 3„

25 907 26 910 ’
77 921 183 988 propter
205 912 379 972 fluentorum
400 911 625 973 multitudinem.
664 911 719 971 llla
742 927 812 972 vero
836 911 945 990 fluenta
967 930 985 971 a
1009 930 1114 990 magna
1137 915 1302 973 continente
1320 916 1417 974 venire
1478 975 1479 978 ,
1599 907 1662 936 ’

76 999 246 1075 multumque
276 1017 415 1077 aggerere
444 1000 595 1073 sabulum,
627 1007 659 1058 ut
682 999 853 1077 impeditum
881 999 932 1058 liat
955 1006 984 1060 et
1006 1000 1180 1076 paludosum
1211 1019 1305 1075 mare,
1338 999 1417 1078 quod

78 1093 102 1146 ct
121 1086 302 1163 congelatum
333 1087 426 1147 videri
456 1091 558 1166 possit.
604 1087 785 1147 Continentia
816 1087 894 1146 illius
920 1087 1065 1146 maritima
1089 1105 1107 1147 a
1130 1087 1251 1148 Graecis
1281 1089 1416 1163 habitari,

77 1175 141 1234 circa
163 1177 257 1234 sinum
282 1175 409 1251 aliquem
432 1175 511 1234 haud
534 1177 672 1234 minorem
695 1173 862 1250 Maeotide,
893 1175 976 1251 cujus
1000 1193 1032 1234 os
1055 1173 1152 1252 Caspii
1183 1179 1270 1235 maris
1294 1179 1336 1236 ori
1359 1177 1418 1237 scre

50 1324 52 1330 s
77 1259 108 1320 ad
128 1271 234 1322 rectam
256 1261 364 1323 lineam
387 1279 452 1324 csse
474 1257 620 1337 situm⁹⁷).

167 1349 239 1409 Illos
261 1349 411 1428 appellare
435 1357 464 1410 ct
487 1366 603 1409 censere
627 1366 658 1409 se
681 1347 799 1425 quidem
822 1357 915 1409 terrae
938 1347 1037 1409 firmae
1062 1343 1243 1432 incolasiss),
1275 1349 1416 1409 insulares

76 1451 138 1494 vero
160 1453 221 1512 eos,
245 1440 295 1512 qni
310 1437 385 1499 hanc
399 1445 528 1498 nostram
543 1437 663 1497 Terram
676 1436 820 1512 habitant,
846 1447 877 1496 ut
900 1455 976 1512 quae
991 1437 1119 1514 undique
1136 1439 1207 1496 mari
1231 1439 1269 1496 sit
1292 1440 1416 1496 eircum-

39 1579 41 1590 ,
75 1515 181 1604 duam).
228 1525 402 1585 Existimare
433 1540 464 1584 se
495 1523 650 1603 (dicebat),
681 1523 799 1584 Saturni
827 1524 945 1602 populis
976 1529 1148 1586 commixtos
1177 1542 1240 1584 esse
1271 1542 1337 1599 eos,
1367 1526 1417 1602 qui

75 1613 211 1686 posterius
242 1628 308 1672 curn
331 1610 458 1672 Hercule
490 1612 661 1672 advenerint
691 1612 792 1688 ibique
822 1612 915 1672 relicti
944 1614 1011 1674 sini.
1058 1611 1130 1672 Cum
1153 1621 1251 1672 autem
1278 1613 1339 1689 jam
1364 1629 1417 1671 ex-

77 1699 261 1774 stingueretur
283 1717 419 1776 maecum
443 1701 484 1761 ibi
507 1717 612 1760 nomen
637 1707 666 1760 et
688 1707 874 1777 superaretur
897 1717 914 1760 a
937 1698 1037 1776 lingua
1065 1700 1219 1760 barbarica
1242 1699 1417 1776 legibusque
1522 1701 1553 1804 f,
1605 1775 1608 1782 ,
1661 1751 1692 1782 ,

75 1791 100 1842 et
120 1787 212 1860 victu,
242 1802 319 1846 nuuc
347 1790 449 1848 iterum
479 1789 598 1846 excitari
627 1789 727 1864 quasi,
761 1795 918 1864 postquam
948 1791 1025 1847 vires
1053 1785 1276 1863 multiplicatum
1298 1789 1416 1862 recepit.

75 1869 167 1948 quue
196 1875 305 1950 primas
332 1875 373 1935 ibi
401 1884 498 1934 tenere
521 1871 692 1947 Herculem,
721 1874 864 1935 secundas
892 1869 1059 1934 Saturnum.
1105 1873 1177 1934 Cum
1207 1891 1276 1934 vero
1299 1873 1418 1933 Saturni

75 1959 160 2032 stella,
185 1971 272 2037 quem
295 1979 348 2022 nos
371 1961 592 2040 Apparentinm,
615 1961 788 2022 Phaenonta
811 1978 960 2036 vocamus,
984 1963 1021 2022 ab
1044 1961 1103 2021 illis
1132 1965 1295 2020 continentis
1319 1965 1416 2020 incolis

25 2075 27 2118 3
73 2044 261 2124 Noctispicem
283 2051 425 2110 nominari
449 2049 562 2127 alebat,
586 2050 616 2106 ln
639 2049 768 2108 Taurum
791 2052 891 2109 veniat
913 2057 980 2127 post
1003 2053 1129 2110 tricenos
1151 2043 1324 2125 annos¹⁰⁰),
1348 2048 1415 2108 illos

73 2137 246 2211 praeparatis
269 2135 394 2196 amulto
418 2143 546 2214 tempore
570 2154 645 2213 quae
668 2135 705 2196 ad
728 2137 900 2196 sacrificium
923 2143 1064 2215 spectant,
1087 2140 1151 2222 ipso
1172 2139 1333 2212 (sacrorum
1349 2153 1417 2213 rege

26 2239 27 2248 ¹
76 2222 220 2297 conducto,
243 2241 363 2284 manum
386 2221 528 2306 aliquam)
550 2234 629 2284 sorte
652 2222 768 2284 ductam
791 2227 922 2285 emittere
941 2243 975 2281 ex
993 2225 1040 2282 ilia
1057 2227 1220 2298 continente,
1238 2241 1290 2302 per
1304 2231 1417 2282 tanturn

75 2311 154 2368 maris
176 2314 305 2387 spatium
327 2315 518 2388 remigantes,
551 2329 660 2388 eosque
683 2311 807 2371 multum
836 2315 974 2389 temporis
997 2313 1025 2369 in
1049 2311 1140 2372 Terra
1166 2311 1284 2389 hospita
1307 2313 1416 2370 victum

71 2395 188 2457 tolerare
210 2401 367 2475 ingressos,
391 2402 499 2477 quippe
514 2398 697 2476 appellantes
719 2399 884 2476 ubicunque
906 2399 1037 2476 postulat
1058 2417 1138 2474 usus,
1162 2400 1237 2474 aliie,
1262 2406 1294 2458 ut
1308 2399 1418 2475 proha·
1457 2441 1459 2453 ,

25 2553 27 2562 Ι
72 2481 133 2558 bile,
157 2485 233 2544 alios
256 2504 325 2546 usos
348 2489 478 2547 fortunis.
524 2487 584 2546 Eos
608 2503 685 2560 vero,
709 2489 760 2564 qui
783 2505 801 2546 a
823 2489 895 2545 mari
916 2495 1078 2562 servantur,
1100 2490 1224 2565 primum
1248 2486 1366 2564 quidem
1389 2487 1418 2543 in

71 2571 175 2632 insulas
204 2575 309 2634 obvias
340 2573 531 2648 exscendere,
561 2575 709 2634 habitatas
731 2592 749 2633 a
772 2573 910 2649 Graecis,
940 2575 981 2633 ibi
1005 2575 1103 2635 videre
1127 2575 1225 2635 Solem
1249 2575 1304 2634 sub
1328 2573 1420 2633 ‘l'erra
1453 2599 1456 2606 ¹
1565 2571 1572 2598 ³
1626 2579 1629 2594 ·

25 2684 27 2700 ·
72 2673 128 2719 sese
151 2661 347 2722 occultantem
369 2679 421 2740 per
443 2664 562 2738 triginta
585 2662 646 2721 dies
668 2663 763 2720 minus
787 2679 875 2739 quam
898 2679 957 2721 nna
980 2663 1008 2719 in
1032 2661 1163 2739 singulos
1185 2655 1335 2737 hora¹⁰¹).
1380 2660 1419 2718 Et

25 2791 26 2794 .
71 2743 121 2806 hoc
142 2757 260 2808 noctem
284 2767 362 2823 esse,
387 2751 521 2809 tenebras
536 2748 618 2810 leves
633 2747 789 2809 habentem
813 2757 843 2809 et
858 2747 1074 2826 crepusculares
1090 2752 1126 2809 ab
1151 2766 1255 2808 occasu
1282 2752 1418 2807 inertum

72 2835 286 2896 dreumductas.
316 2837 518 2896 commoratos
536 2853 604 2896 vero
627 2838 667 2897 lbi
690 2853 743 2913 per
765 2837 826 2896 dies
840 2838 1000 2913 nonaginta
1025 2845 1054 2895 et
1074 2853 1140 2896 curn
1157 2837 1266 2896 honore
1282 2842 1311 2895 et
1326 2837 1417 2895 bene-

72 2921 198 2983 volentia
221 2941 320 2984 sacros
343 2924 460 2984 habitos
485 2931 514 2984 et
535 2927 578 2983 sic
600 2927 830 3001 cognominatos,
852 2925 914 3001 jam
937 2942 954 2982 a
978 2925 1073 2983 ventis
1096 2925 1199 3000 trajici,
1222 2939 1318 3000 neque
1342 2923 1416 2983 alios

70 3006 139 3067 ullos
160 3011 289 3072 incolere
311 3019 514 3088 praeterquam
538 3013 618 3088 ipsos
641 3029 750 3088 cosque
774 3013 824 3088 qui
846 3019 913 3071 ante
934 3008 1000 3070 illos
1020 3013 1100 3071 missi
1117 3019 1207 3071 erant.
1238 3012 1314 3070 Nam
1329 3010 1416 3070 licere

26 3139 27 3142 .
71 3095 182 3170 quidem
207 3097 326 3158 domum
349 3101 488 3176 navigare
511 3097 577 3174 illis,
601 3100 652 3174 qul
674 3099 811 3159 tredecim
835 3115 927 3159 annos
949 3105 1000 3157 aut
1016 3101 1135 3176 triginta
1150 3117 1210 3158 una
1232 3116 1297 3158 cum
1314 3100 1417 3158 ceteris

70 3181 158 3242 Deum
184 3185 345 3260 coluerint,
369 3185 477 3264 eligere
500 3203 570 3245 vero
591 3185 746 3263 plerosque
769 3203 864 3270 aequo
888 3187 985 3246 animo
1008 3187 1048 3246 ibi
1071 3187 1221 3259 habitare,
1251 3186 1326 3246 alios
1350 3187 1416 3262 qui-

73 3269 132 3328 dem
154 3277 227 3348 quia
249 3277 448 3348 assueverint,
481 3282 593 3334 ceteros
621 3276 691 3350 quia
713 3275 776 3333 sine
798 3273 940 3334 molestiis
962 3279 991 3333 et
1013 3277 1139 3351 negotiis
1166 3275 1284 3350 copiose
1307 3289 1417 3350 suppe-

69 3365 128 3416 tant
154 3363 323 3422 necessaria
350 3361 387 3420 ad
417 3361 560 3421 sacrificia
583 3369 611 3421 et
634 3377 798 3432 consessus¹
817 3362 966 3435 solennes,
999 3363 1048 3436 qui
1073 3377 1186 3438 semper
1209 3364 1237 3419 in
1262 3361 1417 3438 colloquiis
1507 3405 1516 3420 .

25 3503 26 3506 ,
68 3445 277 3525 philosophicis
299 3457 449 3509 versentur
463 3443 526 3524 ¹⁰²).
559 3447 630 3509 Esse
654 3451 730 3508 enim
746 3456 879 3508 naturam
895 3448 982 3524 hujus
1007 3449 1120 3509 insulae
1135 3451 1268 3525 aerisque
1291 3451 1417 3508 circnm-

68 3531 120 3592 lnsi
141 3537 313 3612 temperiem
335 3535 497 3596 mirabilem
507 3531 571 3613 108).
616 3533 771 3596 Nonnullis
794 3539 881 3596 etiam
904 3535 1088 3596 divinitatem
1111 3553 1174 3596 esse
1198 3535 1416 3613 impedimento,

25 3637 26 3642 ¹
70 3637 128 3679 cum
151 3621 302 3683 discedere
324 3625 494 3700 cogitarent,
518 3625 692 3700 quaeipsis,
716 3630 856 3700 tanquam
878 3622 1071 3683 familiaribus
1095 3633 1124 3684 et
1143 3623 1244 3684 amicis
1267 3625 1336 3698 suis,
1360 3639 1418 3682 vo·

67 3704 205 3770 luntatem
229 3729 313 3770 susm
336 3711 487 3788 significet,
510 3727 569 3770 non
592 3727 643 3788 per
665 3713 779 3770 somnia
802 3717 915 3771 tantum
939 3728 1033 3787 neque
1055 3727 1108 3790 per
1130 3715 1231 3788 signa,
1254 3710 1306 3770 sed
1329 3713 1417 3770 etiarn

26 3847 27 3854 ,
67 3797 217 3859 manifeste
240 3797 367 3858 incidere
389 3799 496 3857 multos
519 3801 550 3856 in
572 3800 701 3858 visiones
724 3806 754 3859 et
776 3814 865 3858 voces
887 3801 1054 3875 geniorum
1086 3801 1181 3876 ipsum
1213 3801 1289 3860 enim
1312 3797 1416 3858 Satur-

25 3951 26 3956 ,
68 3898 131 3942 num
155 3887 185 3945 in
210 3885 354 3963 profundo
377 3894 461 3946 antro
485 3884 652 3946 conclusum
669 3903 744 3962 esse,
767 3903 855 3962 super
870 3895 952 3963 petra
965 3881 1019 3963 ¹⁰⁴)
1042 3903 1112 3946 auro
1131 3884 1332 3964 resplendente
1348 3886 1416 3945 dor-

67 3973 215 4047 mientcm3
251 3990 384 4032 somnum
417 3975 493 4034 euim
523 3972 566 4030 illl
588 3973 696 4033 Jovem
726 3973 861 4049 injecisse
892 3991 944 4050 pro
974 3973 1107 4048 vinculo,
1137 3975 1270 4035 volucres
1294 3977 1416 4034 veroin

70 4060 171 4120 vertice
201 4068 303 4137 petrae
332 4078 411 4135 esec,
446 4077 521 4136 quae
549 4059 721 4121 advolantes
753 4060 940 4138 suppeditent
970 4063 1025 4138 ipsi
1056 4062 1241 4122 ambrosiam.
1287 4060 1417 4121 Insulam

68 4151 152 4206 totam
176 4157 360 4224 perstrepere
382 4164 501 4207 susurro
525 4147 607 4207 rclnt
629 4149 742 4207 alonte
765 4165 800 4207 ex
824 4156 907 4225 petra
929 4149 1055 4224 oriente3
1077 4151 1180 4225 genios
1203 4149 1270 4209 illos
1293 4151 1417 4209 circurn-

69 4240 140 4294 stare
163 4243 195 4295 et
218 4237 383 4296 ministrare
405 4235 550 4310 Saturno,
574 4238 670 4294 socios
694 4235 757 4311 ejus
779 4235 872 4294 laetos
895 4235 973 4310 olim,
997 4236 1115 4311 quando
1138 4236 1188 4296 ille
1212 4238 1267 4296 diis
1289 4237 1416 4296 homini-

25 4361 27 4400 ;
67 4319 175 4398 hosque
200 4325 368 4400 imperarat,
391 4331 481 4400 atquc
497 4325 578 4400 ipsos
594 4321 685 4382 multa
700 4322 818 4398 quidem
833 4340 851 4382 a
865 4340 897 4383 se
920 4325 991 4400 ipsis
1014 4324 1189 4399 praedicere,
1213 4327 1414 4384 vaticiniorum

25 4457 27 4470 ,
68 4411 211 4486 moscios,
245 4412 372 4470 maxima
401 4427 473 4471 vero
496 4418 525 4471 et
548 4409 694 4471 derebus
717 4411 851 4470 maximis
878 4417 1018 4487 tanquam
1047 4414 1161 4471 somnia
1183 4411 1299 4472 Saturni
1323 4427 1416 4470 cnun-

25 4557 26 4568 ἶ
56 4497 140 4560 „aare
163 4497 387 4558 descendentes.
434 4497 581 4574 Quicquid
605 4501 680 4558 enim
704 4493 822 4574 Jupiter
843 4497 1006 4572 meditetur,
1030 4496 1059 4556 id
1083 4497 1238 4559 Saturnum
1261 4499 1415 4571 somniare,

25 4589 27 4666 j
70 4599 128 4644 esse
149 4603 225 4647 vero
249 4603 293 4660 ea,
318 4603 394 4663 quae
410 4591 455 4645 est
469 4603 487 4646 a
502 4585 657 4645 Titanibus
680 4602 793 4662 passus,
817 4594 971 4663 motusque
991 4588 1106 4646 animae
1129 4586 1194 4646 illos
1217 4603 1305 4664 penes
1322 4589 1415 4662 ipsum

25 4683 27 4686 ·
69 4673 183 4733 omniuo
207 4671 292 4733 velut
313 4675 518 4748 resuscitatos,
543 4690 618 4749 quae
642 4689 760 4732 somnus
784 4673 839 4750 (ita
861 4679 1015 4751 temperet,
1039 4681 1072 4734 nt
1094 4677 1221 4734 animum
1245 4675 1308 4750 ejus
1331 4689 1417 4732 exor-

25 4773 27 4812 i
67 4761 144 4834 nent)
168 4768 199 4820 et
224 4764 322 4839 regius
352 4767 441 4837 atquc
473 4757 590 4822 divinus
622 4759 672 4820 ille
701 4762 791 4818 animi
819 4767 912 4821 status
941 4765 1006 4839 ipse
1033 4761 1089 4820 sihi
1111 4761 1247 4824 reddatur
1275 4777 1364 4838 purus
1388 4767 1417 4820 et

25 4829 27 4908 ff
65 4845 203 4910 theorus.
249 4851 310 4910 Huc
326 4851 409 4920 igitur
426 4865 460 4908 ex
477 4849 525 4906 llis
542 4863 640 4920 magna
657 4850 812 4906 continente
830 4851 1005 4906 ultramarina
1026 4852 1115 4920 petria
1136 4869 1185 4909 sua
1210 4847 1324 4912 delatus
1345 4847 1417 4909 hos·

1169 4940 1328 5006 t*'
