3478 5424
7 27 211 179 ps

471 431 560 502 hose
578 440 607 501 in
625 433 765 503 Somnium
782 439 1023 505 Astronomionnt'
1370 436 1413 516 49

60 612 232 675 macularum
249 611 389 685 varietate,
407 623 439 674 nt
455 616 526 676 tuna
544 617 657 680 dicetur.
693 621 717 678 Δ
735 619 868 680 volvendo
885 623 969 694 igitur
986 620 1073 678 Volva
1090 619 1203 688 dicatur,
1223 627 1251 678 et
1269 619 1417 678 subrolvae
1524 673 1526 686 ‚

59 694 103 750 vel
121 692 293 765 subvolraui,
312 695 359 765 qui
376 695 470 751 vident
486 695 606 764 volvam.
625 697 771 770 primissa,
790 701 838 770 qni
856 707 920 756 sunt
936 699 1034 770 privati
1052 708 1201 770 conspectu
1217 699 1329 756 Volvse.

169 772 335 830 91.¹Nosin
353 773 407 830 hoo
423 775 524 830 Terrae
541 776 623 846 globo
640 777 720 848 polos
743 779 837 835 mundi
860 795 1000 835 censemus
1018 778 1067 833 illa
1090 778 1143 833 duo
1162 788 1262 846 puncta
1284 778 1420 848 sphaerae

58 849 181 909 fixarum
198 853 270 909 inter
287 868 317 912 se
335 855 475 926 opposita,
499 857 528 911 in
547 873 617 927 quae
634 859 695 914 axis
713 859 831 916 Telluris
854 869 997 930 utramque
1019 859 1047 914 in
1063 857 1171 928 plagam
1189 857 1362 913 continuatus
1380 856 1420 912 in·

59 931 137 988 sidit
176 932 253 989 Haec
277 932 348 987 euim
372 932 427 988 duo
449 941 550 1003 puncta
574 936 603 991 in
625 934 704 1005 primi
726 943 816 993 motus
839 937 1009 1008 apparitione
1033 943 1187 1007 spectamus
1210 941 1242 990 ιιι
1265 934 1420 993 immobilia.
1539 937 1542 942 '

59 1009 139 1068 llaec
157 1009 213 1067 duo
231 1019 333 1083 puncta
349 1011 490 1068 lunaribus
508 1011 565 1083 poli
582 1013 676 1069 mnndi
693 1029 748 1070 uon
765 1025 919 1086 censentur,
937 1031 993 1073 uon
1011 1024 1125 1086 apparet
1143 1015 1214 1071 enlm
1232 1014 1299 1084 ipsis
1316 1014 1422 1070 coelum

60 1089 203 1146 stellatum
220 1097 276 1146 tam
294 1090 368 1146 hreni
385 1090 516 1161 temporis
533 1093 636 1162 spatio,
663 1093 737 1163 quod
759 1111 810 1151 nos
827 1095 922 1166 triginti
945 1104 1063 1166 quatuor
1080 1094 1155 1151 horis
1173 1094 1341 1150 nostratibus
1360 1109 1421 1148 oen-

60 1183 170 1238 semus,
189 1169 259 1225 ciros
278 1183 325 1224 eos
342 1169 522 1227 circumvolvi
556 1172 594 1226 st
609 1171 727 1228 vicissim
746 1173 804 1230 axis
822 1175 944 1246 corporis
962 1167 1078 1242 lauans,
1097 1172 1132 1228 ud
1150 1172 1260 1244 planum
1278 1171 1419 1242 eclipticas

61 1253 158 1305 rectam
174 1248 219 1304 rel
236 1248 323 1318 qnasi,
341 1248 626 1305 continuatus-incidit
644 1251 671 1305 in
690 1259 793 1320 puncta
809 1251 925 1308 duarum
944 1251 1013 1322 polis
1036 1251 1176 1322 eclipticas
1194 1251 1294 1306 uicina:
1320 1251 1338 1304 ii
1358 1257 1423 1308 sunt

61 1324 194 1382 huieolis
211 1325 267 1397 poli
283 1325 385 1397 mundi,
404 1328 469 1397 qnia
486 1327 604 1398 sphaera
620 1327 736 1384 duarum
754 1331 843 1401 spatio
861 1329 1001 1400 temporis,
1020 1329 1094 1401 quod
1105 1345 1155 1386 nos
1168 1343 1286 1385 mensem
1301 1327 1423 1400 dicimus,

62 1405 96 1462 iis
114 1407 191 1462 ιὶιιι
209 1405 282 1463 hunc
300 1421 378 1462 axem
402 1407 474 1463 volvi
495 1407 627 1475 cernitur,
651 1423 701 1478 pro
725 1423 758 1464 eo
782 1408 855 1480 quod
875 1423 938 1464 rere
956 1409 1053 1479 globus
1071 1408 1130 1478 ipse
1148 1408 1242 1463 Lunae
1261 1409 1333 1462 circa
1350 1406 1424 1462 hunc

64 1501 146 1544 snum
163 1501 243 1542 axem
261 1485 378 1555 eiusque
401 1486 470 1542 duas
491 1488 676 1543 extremitates
701 1489 868 1546 convortitur
895 1485 971 1543 velut
995 1487 1145 1544 immobiles
1167 1486 1237 1542 loco.
1274 1486 1335 1542 Etsi
1354 1487 1425 1540 enlm

7 1601 9 1614 ·
65 1568 166 1642 globus
184 1569 279 1628 Lunae
297 1571 326 1622 et
342 1565 370 1619 in
389 1579 422 1620 eo
438 1565 483 1620 hic
501 1566 582 1621 etiam
605 1566 665 1624 axis
684 1567 756 1623 circa
773 1565 884 1636 globum
901 1565 1019 1623 Telluris
1042 1573 1181 1623 menstruo
1205 1565 1294 1635 spatio
1313 1566 1425 1622 circum·

64 1647 164 1717 futur,
182 1653 213 1703 at
228 1653 320 1700 manet
342 1642 389 1699 ille
411 1646 517 1702 interim
543 1647 571 1702 in
590 1647 664 1702 omni
687 1647 742 1704 situ
760 1646 811 1704 sibi
834 1649 887 1719 ipsi
904 1645 1067 1719 parallelus,
1093 1661 1181 1716 eoque
1200 1662 1307 1716 semper
1324 1647 1352 1702 iu
1371 1660 1426 1701 una

66 1727 178 1798 quidem
195 1725 364 1783 revolutione
381 1725 476 1782 eadem
494 1725 552 1781 iere
570 1731 673 1796 puncta
690 1725 805 1783 flxarutn
824 1728 957 1797 ostendit,
976 1727 1042 1798 quia
1064 1726 1138 1783 orbis
1156 1725 1251 1781 Lunae
1275 1724 1425 1794 amplitudo

66 1815 227 1878 comparata
245 1806 281 1862 ad
299 1805 442 1875 sphaeram
460 1805 576 1862 duarum
593 1804 626 1861 fit
642 1805 816 1863 insensibilia.
842 1805 921 1876 Quod
939 1816 1029 1862 autent
1049 1804 1150 1862 divisor
1167 1804 1286 1862 circulus
1304 1809 1427 1860 trauseat

66 1901 117 1956 per
133 1887 189 1942 hos
207 1884 281 1955 globi
298 1883 400 1940 lunaris
417 1885 504 1956 polos,
522 1894 638 1957 apparet
655 1901 690 1943 ex
709 1901 751 1950 eo,
771 1887 836 1957 qnia
853 1902 961 1958 semper
974 1885 1092 1942 medem
1109 1890 1232 1943 maculae
1249 1885 1344 1941 Lunae
1362 1884 1423 1939 Tel·

67 1967 120 2024 luri
138 1969 319 2024 ohrcrtnutnr
335 1973 393 2022 toto
411 1973 534 2038 tempore
552 1970 682 2025 circuitus
699 1969 831 2027 menstrui
863 1969 1000 2039 Quantum
1017 1969 1089 2024 euim
1107 1965 1141 2024 da
1158 1965 1254 2020 Lunae
1273 1962 1354 2032 globo
1372 1977 1422 2018 nos

68 2045 107 2102 ita
124 2047 262 2102 cernimus
278 2047 354 2103 velnt
370 2044 514 2112 immobile,
531 2051 637 2103 tanturn
655 2047 795 2105 verissime
813 2048 930 2103 volvitur
947 2048 1019 2103 circa
1038 2047 1111 2103 diota
1130 2051 1239 2114 puncta.

175 2125 218 2182 at.
238 2125 308 2194 Quia
325 2125 423 2196 globus
440 2125 537 2182 Lunae
555 2127 595 2182 sic
613 2127 737 2183 circumit
748 2128 821 2183 circa
833 2126 979 2186 Tellurem.
998 2133 1030 2183 ut
1047 2138 1155 2196 semper
1172 2122 1242 2178 idem
1256 2119 1427 2190 hemisphae-

7 2229 9 2258 ι
68 2203 137 2258 rium
157 2201 218 2271 ejus
235 2205 395 2261 obvertstur
411 2203 524 2274 Telluri,
544 2205 616 2275 quod
633 2205 724 2276 possis
744 2208 859 2263 ιιιιίιιιιι
877 2205 951 2276 globi
968 2206 1052 2277 hujus
1070 2205 1167 2270 dicere,
1186 2209 1263 2274 patet
1280 2215 1347 2269 aaut,
1367 2215 1428 2256 sum

7 2299 8 2302 ¹
69 2284 141 2338 iuter
159 2280 250 2338 Solem
269 2291 298 2338 et
315 2282 426 2338 Terram
444 2290 487 2340 ιιι
505 2283 639 2354 nobisque
656 2301 727 2341 nova
745 2301 794 2340 seu
813 2285 877 2340 exili
895 2301 956 2342 rum
974 2299 1060 2340 cornu
1082 2290 1209 2354 apparet,
1234 2288 1300 2338 tunc
1322 2284 1428 2348 tergunt

7 2373 9 2404 1
69 2361 212 2418 obvertere
229 2361 295 2430 Soli,
313 2361 430 2417 anticam
447 2378 465 2418 a
483 2361 546 2418 Sole
564 2371 699 2434 ιιιιιιιι;
723 2371 752 2419 st
769 2380 830 2419 cnm
848 2363 926 2419 uobis
944 2363 1041 2434 plena,
1067 2360 1235 2432 interpositis
1253 2375 1291 2415 sc.
1310 2359 1430 2416 saintes

7 2429 9 2488 ἶ
69 2449 98 2496 et
115 2441 222 2510 Soleus,
245 2446 352 2510 tergum
371 2439 489 2497 obvertit
505 2439 581 2508 fixis,
607 2440 706 2498 thole
724 2449 862 2510 avertens,
887 2442 1005 2497 autictm
1028 2446 1056 2495 et
1073 2437 1129 2494 Soli
1156 2445 1184 2494 et
1200 2420 1302 2494 Terrae
1325 2437 1427 2507 objicit,

7 2537 10 2580 3.
70 2520 116 2576 Sol
135 2537 200 2576 vero
219 2535 350 2591 praesens
369 2521 448 2590 diem
468 2523 568 2579 absens
585 2529 693 2579 noctem
712 2521 821 2578 atacem
832 2523 860 2577 in
873 2527 933 2578 toto
945 2520 1046 2576 mundo
1059 2525 1195 2575 censetur.
1226 2517 1336 2573 liabent
1347 2517 1429 2585 igitur

7 2591 11 2664 Ξ
70 2599 181 2672 utrique
199 2615 276 2656 suam
294 2599 366 2654 diem
391 2605 557 2666 struerem,
586 2599 634 2657 sed
654 2617 708 2658 non
731 2609 786 2656 tum
806 2600 888 2657 breve
906 2607 1072 2669 quoppepoo
1095 2605 1127 2652 ut
1143 2611 1204 2654 nos.
1240 2594 1339 2651 Totum
1357 2595 1428 2650 euim

7 2675 11 2748 1
71 2693 243 2734 memuunm
261 2678 340 2736 nobis
359 2679 477 2750 spatium
495 2681 562 2750 ipsis
581 2681 731 2737 absumitur
749 2681 776 2736 in
796 2681 876 2737 unius
895 2679 949 2734 diei
967 2685 996 2734 et
1012 2675 1100 2733 noctis
1118 2674 1324 2744 longitudinem.

8 2755 11 2764 ⁸
176 2759 222 2816 93.
240 2757 366 2814 varietas
385 2757 488 2814 dierum
507 2767 536 2816 et
554 2761 673 2816 noctium
692 2767 770 2817 extra
787 2760 847 2817 dies
867 2757 1101 2829 aequinoctiorum
1113 2769 1197 2823 penes
1216 2768 1266 2809 nos
1284 2761 1327 2809 est
1341 2769 1374 2810 err
1387 2769 1430 2824 eo,

9 2857 15 2906 ι
71 2837 143 2907 quod
161 2837 220 2909 poli
237 2837 330 2893 muudi
348 2837 429 2909 longe
447 2837 526 2893 nohis
543 2837 669 2894 ridentur
686 2839 787 2896 distare
804 2854 822 2894 a
839 2838 910 2908 polis
929 2837 1080 2907 eclipticae.
1111 2833 1170 2904 His,
1189 2848 1258 2903 quos
1276 2848 1326 2889 noa
1343 2833 1428 2888 habe·

9 2909 13 2964 't
72 2931 145 2981 mus,
164 2917 238 2987 polis
255 2917 348 2973 mnndi
371 2917 481 2974 lunares
499 2926 603 2987 cuent,
632 2927 728 2974 contra
750 2919 818 2976 alios
836 2917 940 2974 habent
957 2913 1050 2971 mundi
1075 2911 1168 2984 polos,
1191 2911 1262 2982 polis
1288 2909 1430 2980 eclipticas

10 2967 16 3078 [1
73 2995 221 3066 proximos.
257 2995 335 3052 Etsi
354 3013 409 3065 qna
434 3003 478 3054 est
498 2999 617 3055 varietas
642 3013 676 3055 ex
694 3013 786 3055 eornm
810 2998 940 3055 distantia
963 2995 1076 3068 parvula
1093 3009 1111 3050 a
1127 2991 1198 3065 polis
1218 2989 1371 3060 eclipticas,
1398 3004 1431 3045 es

11 3083 14 3142 ξ
74 3091 133 3130 cnm
151 3072 200 3130 illa
218 3083 314 3130 nostra
331 3077 513 3147 comparanda
531 3093 585 3133 nou
604 3084 655 3144 est,
676 3087 750 3133 certe
768 3075 903 3134 sensibilis
922 3075 990 3134 adeo
1008 3093 1063 3132 uon
1082 3081 1137 3144 est;
1156 3085 1244 3138 eoque
1261 3067 1317 3124 iere
1334 3083 1431 3139 perpe·

12 3145 22 3212 1
73 3161 149 3212 tuum
167 3154 221 3226 ipsi
240 3153 343 3211 habent
361 3155 560 3226 aequinoctium
579 3173 629 3227 per
646 3165 733 3213 totum
752 3158 871 3228 globum,
891 3157 962 3214 sicut
980 3156 1061 3211 etiam
1079 3163 1163 3225 penes
1175 3164 1226 3204 nos
1244 3148 1273 3204 iu
1285 3147 1372 3204 Terra
1388 3146 1432 3203 dic

13 3219 20 3340 ι
75 3231 241 3304 aequinoctii
257 3247 308 3304 per
325 3241 413 3289 totum
432 3235 525 3292 orbem
543 3235 688 3292 Terrarum
707 3244 750 3291 est
769 3235 979 3307 aequinoctium.

14 3341 16 3356 ι
179 3311 222 3368 dl.
241 3311 272 3366 ln
291 3312 520 3383 Ephemeridibus
537 3313 604 3370 meis
630 3313 723 3384 phasis
741 3313 837 3370 Lunae
861 3313 991 3370 biialcata
1010 3309 1100 3367 diiiert
1116 3323 1135 3363 a
1152 3303 1319 3375 quadratura
1336 3302 1431 3364 Lunae

15 3439 20 3512 ι
77 3408 139 3542 ill
157 3388 902 3541 {Tphlttttllilb*hilldttlil
919 3392 1095 3540 illiniti
1116 3387 1149 3522 il
1165 3384 1290 3521 illic
1312 3385 1435 3536 libi*

78 3565 143 3620 ιιιο
167 3550 280 3607 scilicet.
323 3549 385 3605 Jarn
410 3565 475 3607 reso
499 3551 557 3608 dies
583 3551 670 3608 oritur
691 3551 880 3610 subvolvarum
906 3549 1016 3620 mediis,
1050 3561 1111 3602 cum
1139 3544 1215 3600 locus
1239 3539 1311 3610 globi
1337 3543 1433 3602 Lunae

79 3629 256 3686 constituitur
272 3628 301 3684 in
320 3628 421 3685 circulo
438 3629 643 3686 illuminationis
661 3631 770 3699 Lunae,
790 3631 837 3700 qui
853 3629 949 3700 phasin
967 3627 1081 3694 format,
1099 3639 1154 3680 non
1172 3636 1233 3676 cum
1252 3619 1280 3675 iu
1299 3621 1432 3692 quadrato

80 3707 149 3764 Solis
167 3715 292 3764 senatur
309 3717 433 3766 centrum
450 3708 524 3780 probi
542 3708 647 3767 Lunae.
683 3709 773 3779 Quare
792 3725 853 3766 cnm
879 3709 908 3764 in
926 3717 1042 3778 utraque
1059 3703 1141 3776 phaai
1158 3700 1207 3756 fiat
1226 3697 1304 3754 Luna
1322 3703 1434 3773 propior

79 3784 134 3842 Soli
153 3801 235 3856 quam
248 3785 343 3853 Terra,
364 3803 428 3856 pars
445 3790 527 3846 etiam
545 3791 649 3848 orbitae
661 3791 757 3847 Lunae
775 3791 811 3846 ab
828 3789 872 3846 his
890 3789 1012 3845 terminis
1031 3785 1150 3844 exterius
1172 3783 1242 3839 circa
1254 3781 1365 3840 Terram
1384 3789 1433 3846 oir-

79 3867 222 3924 cumdnuta
246 3865 354 3935 longior
376 3876 418 3924 est
435 3876 513 3939 parte
530 3869 643 3925 interius
667 3870 739 3924 inter
756 3869 868 3925 Terram
893 3877 922 3924 st
939 3866 1029 3924 Solem
1047 3863 1213 3921 continuata.
1250 3861 1288 3916 Et
1305 3861 1351 3918 illa
1369 3882 1433 3935 pars

81 3944 197 4000 merior
212 3943 309 4002 mediis
328 3944 519 4003 subvolvarum
537 3947 683 4004 admetitur
706 3946 789 4017 diem,
815 3945 911 4002 mediis
933 3944 1113 4015 prirolvarum
1137 3944 1259 3998 noctem:
1282 3957 1346 4011 erqo
1370 3946 1433 4000 sub·

81 4023 199 4078 volvanis
217 4023 284 4088 dies,
302 4023 431 4095 privolvis
449 4041 512 4096 noar,
530 4036 639 4096 praeter
652 4033 759 4095 tempus
771 4025 1007 4083 aemimenstruum
1025 4020 1132 4078 anobis
1145 4023 1288 4090 censitum,
1307 4016 1435 4076 adsciscit

81 4100 191 4171 insuper
207 4101 291 4159 horas
309 4111 446 4159 nostrates
465 4103 571 4160 circiter
588 4112 714 4173 quatuor,
733 4103 948 4172 tantundemque
964 4101 1039 4157 nocti
1057 4100 1181 4170 illorum,
1200 4101 1254 4156 diei
1271 4099 1374 4167 horum,
1393 4096 1434 4151 vi·

82 4181 170 4237 dasian
189 4179 306 4238 decedit.
329 4181 415 4238 Porro
433 4197 505 4253 quae
523 4181 556 4238 da
574 4180 669 4236 mediis
688 4179 948 4253 hemisphaeriorum
966 4188 1031 4237 sunt
1049 4179 1129 4247 diota,
1149 4195 1182 4236 ea
1199 4180 1336 4252 pertinent
1353 4177 1433 4232 etiam

83 4259 115 4316 ad
131 4260 312 4318 succedentes
329 4277 425 4318 sersus
443 4271 533 4317 ortum
550 4260 593 4316 vel
612 4275 738 4318 occasum
744 4302 754 4333 ,
778 4277 840 4317 cunr
856 4260 910 4318 hac
927 4261 986 4317 sola
1003 4259 1149 4328 varietate,
1174 4264 1205 4313 ιιι
1223 4265 1290 4328 quot
1306 4254 1433 4326 gradibus

83 4337 255 4412 bnqitndinis
272 4336 387 4412 quilibet
401 4341 523 4400 locorum
541 4357 559 4397 a
574 4339 724 4397 meditullio
743 4348 910 4409 remoretur,
934 4339 1048 4396 totidem
1066 4339 1148 4394 etiam
1164 4336 1261 4408 globus
1277 4337 1371 4394 Lunae
1389 4347 1433 4388 su·

84 4425 159 4486 peret
175 4417 257 4476 sitnm
275 4419 360 4490 illum,
379 4421 406 4475 iu
425 4435 480 4490 quo
498 4419 597 4478 tusdiis'
612 4420 671 4476 dies
689 4419 835 4476 oriebatur.

185 4495 229 4555 th.
248 4497 336 4554 Sicuti
353 4497 414 4554 deri
431 4512 545 4556 necesse
563 4506 606 4554 ιιι
622 4499 652 4555 iu
669 4498 750 4570 globo
768 4497 870 4556 Terras
887 4496 938 4554 suh
956 4495 1017 4568 ipso
1035 4495 1100 4567 polo
1118 4493 1162 4551 die
1180 4488 1351 4564 aequinoctii.

179 4575 222 4632 96.
241 4575 285 4632 En
304 4576 468 4648 hypothesin
493 4579 578 4634 totius
596 4577 705 4644 somnii,
730 4585 917 4647 argumentum
935 4592 973 4633 so.
992 4591 1043 4645 pro
1061 4584 1137 4630 motu
1155 4573 1263 4636 Terrae,
1280 4584 1328 4624 seu
1346 4565 1433 4621 dlsso·

88 4649 212 4709 hdonam
230 4655 323 4726 potius
342 4657 493 4725 argumenti
511 4664 606 4713 contra
623 4664 726 4712 motum
744 4657 846 4713 Terras
864 4673 898 4714 ex
917 4670 1000 4712 sensu
1016 4651 1158 4709 exstructi.
1390 4721 1397 4734 .

187 4731 228 4789 i't.
246 4733 275 4788 Si
294 4731 351 4789 dies
369 4733 498 4790 delinitur
513 4737 670 4805 praesentia
689 4733 776 4806 Solis,
795 4750 927 4808 praesens
945 4748 1009 4788 vero
1028 4731 1076 4787 Sol
1094 4740 1137 4787 est
1153 4730 1204 4799 ihi,
1230 4725 1275 4782 nbi
1293 4722 1354 4814 loca
1372 4735 1433 4812 etna

90 4807 186 4868 lamine
200 4821 349 4869 mantus
373 4813 540 4883 illuminata,
564 4823 638 4870 certe
661 4815 727 4870 totis
745 4815 778 4871 15
797 4814 893 4870 diebus
911 4811 1022 4869 eaedem
1041 4809 1136 4866 ernae
1160 4805 1280 4862 maculae
1299 4817 1326 4856 ru
1344 4797 1432 4853 medio

90 4887 146 4962 dus
167 4907 279 4963 corpore
303 4903 452 4952 ιιιιιιιιιιιιι
463 4909 487 4953 a
503 4893 582 4952 nobis
599 4893 767 4952 ltuninatao
790 4893 933 4964 continue,
955 4889 1032 4947 uuila
1054 4885 1215 4957 interposita
1236 4887 1329 4949 nocte,
1353 4875 1435 4932 hunt

138 4978 230 5034 [subn
242 4981 393 5034 oruella
1210 4971 1228 5028 4
