3398 5426
281 309 352 380 244·
636 308 809 370 Collectanea
827 323 862 364 ex
880 305 1018 365 codicibus
1036 305 1271 365 Pullosieuaibus.

282 489 420 550 ditionem
443 488 644 549 tautummodo
675 489 712 549 ad
736 488 912 551 anomaliam
943 491 1081 559 accentui,
1111 489 1165 548 etsi
1197 487 1353 547 distantiae
1380 487 1439 548 sint
1469 487 1504 546 ad
1535 504 1634 547 auom.

9 637 44 670 a.
85 661 89 670 1
282 588 482 654 coaequatam.
523 577 693 636 Differentia
715 589 824 651 autem,
847 593 936 653 quam
952 576 1027 648 dini,
1052 576 1184 636 binarum
1208 577 1407 652 oppositarum
1430 576 1641 635 distantiarum·

9 669 30 696 '⁴'
62 683 88 746 ᾗ
170 753 174 762 ’
203 739 204 742 ¹
282 677 326 727 eat
348 666 418 724 nihil
442 663 522 726 aliud
546 682 633 742 quam
649 669 730 726 sinus
747 667 930 743 aequationis
946 663 984 724 ad
1001 663 1244 742 complementum
1261 661 1425 723 anomaliae
1443 671 1634 740 coaequatae.

849 851 1067 866 “nu——

324 987 453 1055 operae
475 983 624 1053 pretium
647 965 700 1040 ert
721 981 858 1053 videre,
880 986 1010 1056 quanta
1031 983 1153 1041 luteus
1174 983 1220 1040 ait
1241 982 1403 1056 aequatio
1424 983 1580 1040 maxima.

385 1103 526 1162 Blnornm
555 1106 754 1180 oppositorum
782 1118 817 1162 ex
840 1101 909 1161 Sole
933 1117 1052 1162 arcuum
1082 1119 1134 1162 seu
1156 1101 1299 1178 graduum
1331 1105 1456 1162 secerni
1487 1101 1634 1160 anomalia
1688 1137 1689 1148 ι

282 1188 406 1268 simplex
430 1201 475 1252 cat
497 1193 603 1267 exiguo
626 1193 720 1248 minor
737 1197 755 1248 ‘2
772 1189 910 1264 gradibus
934 1193 1009 1249 insta
1033 1195 1072 1250 45
1094 1190 1225 1265 gradum,
1249 1189 1342 1264 major
1357 1205 1445 1266 snpra
1459 1189 1547 1250 hurrc.
1584 1187 1634 1246 ld·
1688 1215 1689 1218 ¹

282 1297 339 1356 que
372 1296 429 1337 non
462 1278 542 1350 inde,
575 1277 652 1354 qnod
684 1278 728 1334 illi
757 1277 815 1335 duo
843 1277 952 1357 gradus
981 1294 1016 1336 ex
1040 1289 1138 1341 centro
1168 1280 1319 1337 eceentriei
1348 1294 1404 1336 non
1438 1287 1633 1352 opponuntur,
1687 1315 1689 1336 ι

282 1383 409 1441 iramque
432 1381 528 1441 neque
552 1366 593 1423 illi
627 1367 828 1440 opponuntur,
861 1367 909 1440 qui
939 1364 1115 1424 anomaliam
1144 1363 1253 1424 liabent
1280 1363 1419 1440 majorem
1445 1371 1461 1424 2
1486 1364 1634 1436 gradibus,

283 1455 335 1514 sed
360 1453 434 1525 idco,
460 1457 528 1529 qnia
550 1455 700 1530 propiores
723 1452 934 1526 suntjunctirn
958 1462 1056 1512 contro
1087 1455 1214 1511 virtutis.
1260 1451 1329 1513 Jnm
1353 1454 1381 1508 in
1405 1467 1541 1528 apogaeo
1566 1451 1634 1509 hae·
1688 1523 1689 1526 Ἴ

282 1551 369 1601 tenus
392 1541 544 1617 probatum
569 1551 621 1611 cst,
645 1541 687 1598 ita
711 1557 773 1599 esse
798 1557 895 1598 arcum
919 1543 1044 1600 eccentrl
1069 1540 1105 1598 ad
1129 1540 1305 1599 anomallarn
1329 1540 1506 1616 simplicem,
1539 1548 1572 1596 ut
1592 1547 1633 1596 est
1688 1539 1689 1598 ζ

285 1627 393 1704 gradus
417 1647 491 1687 unus
515 1628 679 1687 anomaliae
709 1637 888 1702 coaequatae
911 1627 948 1686 ad
980 1645 1063 1687 suum
1093 1645 1191 1686 ararim
1215 1630 1349 1686 accentui.
1396 1625 1493 1702 Quare
1517 1641 1583 1684 cunr
1606 1628 1633 1681 in

284 1707 426 1774 munium*
442 1713 569 1774 armona
590 1730 673 1774 arcus
698 1711 821 1773 secerni
845 1711 890 1773 sit*¹
906 1712 1032 1773 riredlutn
1055 1715 1279 1792 proportionale*
1295 1718 1371 1774 iliter
1392 1721 1489 1772 arcum
1513 1708 1634 1772 alioma-
1688 1703 1689 1766 Ξ

285 1802 342 1862 liae
366 1814 546 1879 coaequatae
569 1813 599 1861 ot
621 1803 797 1860 anomallam
820 1802 1006 1878 simplicem,
1027 1805 1088 1862 erir'
1110 1805 1210 1878 utique
1240 1799 1337 1862 altera·
1360 1816 1427 1878 pars
1450 1792 1642 1876 a'ednationis·

36 1857 41 1870 ⁶
75 1909 79 1921 ·
114 1879 116 1892 ’
180 1885 181 1888 ’
285 1907 398 1966 semper
422 1895 528 1966 exiguo
552 1891 644 1966 major
668 1893 696 1971 iu
720 1907 867 1966 apogaeo‚
894 1893 989 1948 minor
1018 1891 1215 1968 inperigaso.
1262 1889 1372 1966 Quodsi
1397 1889 1562 1964 duplicetur
1584 1907 1634 1945 ae-

284 1981 384 2054 quatio
408 1981 548 2051 accentui,
581 1995 694 2054 semper
717 1981 811 2035 minus
835 1979 1042 2046 immiscemur,
1067 1978 1118 2037 sed
1142 1981 1258 2054 exiguo.
1303 1977 1377 2036 Nam
1401 1980 1527 2035 maxima
1552 1975 1634 2034 did'e·

282 2067 374 2125 nentia
398 2076 442 2124 est
459 2069 485 2122 in
503 2082 650 2142 apogaso,
675 2065 724 2123 ubi
748 2065 867 2122 minima
890 2075 934 2124 est
956 2067 1112 2142 aequatio,
1136 2065 1201 2124 inde
1226 2067 1319 2140 magia
1342 2067 1494 2139 magisque
1519 2063 1633 2122 decres-

283 2157 330 2213 cit.
377 2153 450 2212 Curn
474 2171 542 2228 engo
566 2169 680 2228 sempor
702 2151 767 2228 plus
791 2152 897 2211 habeat
925 2153 1017 2212 altera
1047 2170 1114 2228 pars
1137 2155 1338 2228 aequationia,
1372 2151 1492 2211 totidem
1516 2167 1633 2208 numero
1687 2139 1689 2150 ’

281 2249 379 2318 partes
403 2241 603 2299 accumulatae
633 2243 661 2296 in
692 2240 840 2298 anomalia
868 2240 964 2298 media
994 2241 1059 2316 plus
1084 2236 1183 2298 itidem
1216 2240 1372 2312 liaberent,
1405 2242 1460 2296 nisi
1487 2239 1551 2314 jain
1582 2239 1634 2296 lroc

282 2331 405 2387 alterum
428 2328 588 2397 accederet,
614 2326 692 2403 quod
716 2330 792 2386 circa
815 2329 990 2386 anornaliam
1015 2319 1150 2400 aredium,
1174 2345 1214 2387 ac.
1232 2339 1298 2402 post
1323 2325 1387 2399 45⁰,
1413 2330 1476 2402 ipsa
1499 2344 1567 2402 pars
1591 2329 1633 2382 in·

284 2423 365 2490 tegno
388 2414 481 2490 gradu
504 2415 603 2473 debita
626 2418 721 2473 minua
744 2414 842 2473 habet.
875 2414 920 2472 lta
943 2415 1035 2474 altera
1059 2433 1149 2474 causa
1171 2415 1292 2474 alteram
1323 2413 1408 2472 tollit.
1447 2414 1635 2472 Desideratur

283 2512 379 2562 tanuen
404 2503 621 2572 demonstratio,
647 2518 682 2560 an
699 2505 828 2578 praecise
844 2501 1037 2578 duplicandae
1061 2505 1119 2562 sint
1142 2520 1241 2561 ornnes
1257 2501 1473 2578 aequationea?
1507 2501 1632 2559 Primum

281 2602 314 2650 ut
338 2593 452 2649 brevior
482 2589 620 2650 distantia
650 2607 685 2647 ex
709 2592 852 2666 oppositis
881 2594 1044 2665 composita
1072 2589 1108 2650 ad
1132 2589 1300 2648 distantium
1329 2608 1381 2666 per
1410 2606 1576 2666 apogaeum
1606 2595 1633 2646 ct

281 2680 458 2755 perigaeum,
482 2678 524 2735 aio
546 2676 694 2736 anomalia
715 2677 839 2752 simplex
862 2681 990 2753 suscepti
1014 2694 1096 2737 arcus
1112 2681 1244 2737 accentui·
1259 2677 1296 2736 ad
1320 2678 1497 2738 anomaliam
1520 2675 1633 2750 simpli·

282 2783 345 2826 cern
374 2765 531 2824 consimilis
560 2781 644 2823 arcus
673 2767 701 2821 in
732 2780 874 2840 apogaeo.
922 2765 1034 2824 Deinde
1066 2773 1098 2824 ut
1128 2765 1236 2842 gradus
1264 2774 1444 2841 coaequatae
1474 2764 1512 2823 ad
1535 2771 1641 2824 arcum

282 2855 415 2922 eaoerrtri,
439 2855 481 2911 aie
503 2852 550 2910 hic
573 2851 610 2910 ad
633 2851 821 2910 anomaliam.
866 2852 934 2928 (Est
956 2853 1058 2929 regula
1080 2856 1218 2930 septem.)

386 2939 572 3015 Coaequatus
596 2957 645 3014 per
668 2957 751 2998 auam
775 2939 942 2998 distantiam
959 2949 987 2998 et
1003 2957 1101 2998 arcum
1124 2943 1249 3000 eccentri
1274 2940 1323 2998 dat
1346 2957 1429 2998 ιιιιιιιιι
1447 2937 1631 3010 anomaliarn,

282 3027 352 3104 qnid
374 3027 450 3086 alins
474 3041 652 3102 coaequatus
676 3043 727 3103 per
754 3026 860 3085 suani?
900 3028 935 3085 Et
957 3029 1058 3086 recidit
1081 3031 1109 3085 in
1133 3029 1262 3104 regulam
1291 3031 1428 3103 quinque.
1477 3027 1631 3085 Anornalia

282 3119 481 3192 eccentriper
505 3116 672 3173 distantiam
695 3129 858 3190 apogaeum
882 3115 933 3173 dat
955 3133 1037 3174 airaon
1061 3119 1237 3174 anomaliam
1270 3113 1446 3191 simplicem,
1481 3115 1549 3190 quid
1574 3115 1630 3172 alia

282 3203 429 3262 anomalia
452 3205 574 3268 eccorrtri
599 3219 754 3278 persuum
778 3201 967 3261 distantiam?
1001 3203 1076 3261 Τιιιιι
1100 3207 1216 3279 penitus
1239 3205 1267 3260 in
1293 3205 1454 3278 simplicem
1478 3205 1562 3260 trirrm
1587 3219 1631 3259 re·

282 3289 396 3366 gulam:
421 3289 559 3349 distantia
588 3307 720 3366 apogaea
743 3288 792 3347 dat
822 3290 998 3350 anouraliam
1023 3292 1199 3367 simplicem,
1235 3291 1330 3367 qualis
1360 3291 1462 3351 ultimo
1493 3286 1630 3348 inventa?

283 3377 342 3438 Sed
364 3376 397 3436 iit
419 3377 475 3438 lroe
496 3387 583 3455 pacto
606 3378 728 3437 circnlus
731 3421 857 3438 ......
