<?xml version="1.0" encoding="UTF-8"?>
<!DOCTYPE html PUBLIC "-//W3C//DTD XHTML 1.0 Transitional//EN"
    "http://www.w3.org/TR/xhtml1/DTD/xhtml1-transitional.dtd">
<html xmlns="http://www.w3.org/1999/xhtml" xml:lang="en" lang="en">
 <head>
  <title>
</title>
<meta http-equiv="Content-Type" content="text/html;charset=utf-8" />
  <meta name='ocr-system' content='tesseract 3.04.00' />
  <meta name='ocr-capabilities' content='ocr_page ocr_carea ocr_par ocr_line ocrx_word'/>
</head>
<body>
  <div class='ocr_page' id='page_1' title='image "./joanniskepleria21frisgoog_0242.png"; bbox 0 0 3398 5426; ppageno 0'>
   <div class='ocr_carea' id='block_1_1' title="bbox 671 393 1366 478">
    <p class='ocr_par' dir='ltr' id='par_1_1' title="bbox 671 393 1366 478">
     <span class='ocr_line' id='line_1_1' title="bbox 671 393 1366 478; baseline -0.003 0"><span class='ocrx_word' id='word_1_1' title='bbox 671 403 843 478; x_wconf 69' lang='lat' dir='ltr'>Collectanea</span> <span class='ocrx_word' id='word_1_2' title='bbox 858 393 1053 478; x_wconf 70' lang='lat' dir='ltr'>ei&#39;cotlicilrut</span> <span class='ocrx_word' id='word_1_3' title='bbox 1070 413 1305 477; x_wconf 83' lang='lat' dir='ltr'>Pullrorienaibue.</span> <span class='ocrx_word' id='word_1_4' title='bbox 1363 441 1366 451; x_wconf 94' lang='grc'><strong><em>·</em></strong></span> 
     </span>
    </p>
   </div>
   <div class='ocr_carea' id='block_1_2' title="bbox 269 589 1662 942">
    <p class='ocr_par' dir='ltr' id='par_1_2' title="bbox 269 589 1662 766">
     <span class='ocr_line' id='line_1_2' title="bbox 310 589 1662 680; baseline -0.006 -16"><span class='ocrx_word' id='word_1_5' title='bbox 310 601 410 679; x_wconf 87' lang='lat' dir='ltr'>anguli</span> <span class='ocrx_word' id='word_1_6' title='bbox 434 599 484 660; x_wconf 84' lang='grc' dir='ltr'><strong>ΒΕ</strong></span> <span class='ocrx_word' id='word_1_7' title='bbox 507 598 751 677; x_wconf 88' lang='lat' dir='ltr'>complementum</span> <span class='ocrx_word' id='word_1_8' title='bbox 773 601 828 662; x_wconf 93' lang='grc' dir='ltr'><strong>ΕΒ</strong></span> <span class='ocrx_word' id='word_1_9' title='bbox 858 603 888 661; x_wconf 92' lang='lat' dir='ltr'>in</span> <span class='ocrx_word' id='word_1_10' title='bbox 910 601 1050 680; x_wconf 75' lang='lat' dir='ltr'><strong>margine.</strong></span> <span class='ocrx_word' id='word_1_11' title='bbox 1094 599 1173 662; x_wconf 86' lang='lat' dir='ltr'>Hinc</span> <span class='ocrx_word' id='word_1_12' title='bbox 1200 589 1324 661; x_wconf 78' lang='lat' dir='ltr'>b&#39;abebir</span> <span class='ocrx_word' id='word_1_13' title='bbox 1352 597 1382 658; x_wconf 90' lang='lat' dir='ltr'>iu</span> <span class='ocrx_word' id='word_1_14' title='bbox 1411 613 1493 660; x_wconf 87' lang='lat' dir='ltr'>noro</span> <span class='ocrx_word' id='word_1_15' title='bbox 1517 594 1662 675; x_wconf 77' lang='lat' dir='ltr'>triangulo</span> 
     </span>
     <span class='ocr_line' id='line_1_3' title="bbox 269 689 831 766; baseline -0.009 -12"><span class='ocrx_word' id='word_1_16' title='bbox 269 707 272 716; x_wconf 82' lang='grc'><strong>“</strong></span> <span class='ocrx_word' id='word_1_17' title='bbox 309 690 386 754; x_wconf 85' lang='lat' dir='ltr'>latua</span> <span class='ocrx_word' id='word_1_18' title='bbox 411 689 545 762; x_wconf 90' lang='lat' dir='ltr'>alterum,</span> <span class='ocrx_word' id='word_1_19' title='bbox 570 691 653 747; x_wconf 90' lang='lat' dir='ltr'>utin</span> <span class='ocrx_word' id='word_1_20' title='bbox 676 691 831 766; x_wconf 79' lang='lat' dir='ltr'>prioribus.</span> 
     </span>
    </p>

    <p class='ocr_par' dir='ltr' id='par_1_3' title="bbox 309 773 1662 942">
     <span class='ocr_line' id='line_1_4' title="bbox 413 773 1660 854; baseline -0.004 -18"><span class='ocrx_word' id='word_1_21' title='bbox 413 777 507 836; x_wconf 80' lang='lat' dir='ltr'>Detur</span> <span class='ocrx_word' id='word_1_22' title='bbox 531 778 609 836; x_wconf 86' lang='lat' dir='ltr'>baala</span> <span class='ocrx_word' id='word_1_23' title='bbox 633 795 698 836; x_wconf 88' lang='lat' dir='ltr'>cum</span> <span class='ocrx_word' id='word_1_24' title='bbox 720 777 839 854; x_wconf 87' lang='lat' dir='ltr'>angulo.</span> <span class='ocrx_word' id='word_1_25' title='bbox 879 777 994 854; x_wconf 89' lang='lat' dir='ltr'>Quaere</span> <span class='ocrx_word' id='word_1_26' title='bbox 1010 777 1116 838; x_wconf 83' lang='lat' dir='ltr'>bareca</span> <span class='ocrx_word' id='word_1_27' title='bbox 1139 775 1381 854; x_wconf 80' lang='lat' dir='ltr'>complementum</span> <span class='ocrx_word' id='word_1_28' title='bbox 1396 776 1426 832; x_wconf 92' lang='lat' dir='ltr'>in</span> <span class='ocrx_word' id='word_1_29' title='bbox 1443 791 1503 833; x_wconf 92' lang='lat' dir='ltr'>uno</span> <span class='ocrx_word' id='word_1_30' title='bbox 1525 773 1660 850; x_wconf 85' lang='lat' dir='ltr'>margine,</span> 
     </span>
     <span class='ocr_line' id='line_1_5' title="bbox 309 860 1662 942; baseline -0.004 -16"><span class='ocrx_word' id='word_1_31' title='bbox 309 864 408 942; x_wconf 87' lang='lat' dir='ltr'>anguli</span> <span class='ocrx_word' id='word_1_32' title='bbox 432 864 676 941; x_wconf 83' lang='lat' dir='ltr'>complementum</span> <span class='ocrx_word' id='word_1_33' title='bbox 700 867 728 924; x_wconf 93' lang='lat' dir='ltr'>in</span> <span class='ocrx_word' id='word_1_34' title='bbox 751 866 852 939; x_wconf 86' lang='lat' dir='ltr'>altero,</span> <span class='ocrx_word' id='word_1_35' title='bbox 876 883 945 926; x_wconf 88' lang='lat' dir='ltr'>area</span> <span class='ocrx_word' id='word_1_36' title='bbox 967 865 1049 926; x_wconf 85' lang='lat' dir='ltr'>dabit</span> <span class='ocrx_word' id='word_1_37' title='bbox 1063 866 1305 942; x_wconf 79' lang='lat' dir='ltr'>complementum</span> <span class='ocrx_word' id='word_1_38' title='bbox 1322 863 1422 922; x_wconf 86' lang='lat' dir='ltr'>lateria</span> <span class='ocrx_word' id='word_1_39' title='bbox 1436 860 1548 939; x_wconf 84' lang='lat' dir='ltr'>angulo</span> <span class='ocrx_word' id='word_1_40' title='bbox 1574 877 1662 939; x_wconf 90' lang='lat' dir='ltr'>oppo-</span> 
     </span>
    </p>
   </div>
   <div class='ocr_carea' id='block_1_3' title="bbox 7 937 1569 1066">
    <p class='ocr_par' dir='ltr' id='par_1_4' title="bbox 7 911 1569 1066">
     <span class='ocr_line' id='line_1_6' title="bbox 65 937 1569 1030; baseline 0.012 -29.511"><span class='ocrx_word' id='word_1_41' title='bbox 65 937 112 1018; x_wconf 67' lang='lat' dir='ltr'>ft</span> <span class='ocrx_word' id='word_1_42' title='bbox 145 973 148 976; x_wconf 96' lang='lat'>·</span> <span class='ocrx_word' id='word_1_43' title='bbox 268 1025 269 1028; x_wconf 7' lang='grc' dir='ltr'><strong>Ἴ</strong></span> <span class='ocrx_word' id='word_1_44' title='bbox 311 957 369 1016; x_wconf 83' lang='lat' dir='ltr'>alti.</span> <span class='ocrx_word' id='word_1_45' title='bbox 416 951 488 1012; x_wconf 88' lang='lat' dir='ltr'>Inde</span> <span class='ocrx_word' id='word_1_46' title='bbox 512 953 656 1012; x_wconf 85' lang='lat' dir='ltr'>habentur</span> <span class='ocrx_word' id='word_1_47' title='bbox 679 953 851 1029; x_wconf 85' lang='lat' dir='ltr'>etreliqua,</span> <span class='ocrx_word' id='word_1_48' title='bbox 875 970 951 1030; x_wconf 87' lang='lat' dir='ltr'>quae</span> <span class='ocrx_word' id='word_1_49' title='bbox 975 955 1132 1030; x_wconf 87' lang='lat' dir='ltr'>perbaain</span> <span class='ocrx_word' id='word_1_50' title='bbox 1155 961 1185 1014; x_wconf 89' lang='lat' dir='ltr'>et</span> <span class='ocrx_word' id='word_1_51' title='bbox 1207 952 1284 1012; x_wconf 89' lang='lat' dir='ltr'>latua</span> <span class='ocrx_word' id='word_1_52' title='bbox 1307 951 1408 1010; x_wconf 85' lang='lat' dir='ltr'>haberi</span> <span class='ocrx_word' id='word_1_53' title='bbox 1430 957 1569 1028; x_wconf 71' lang='lat' dir='ltr'>possunt·</span> 
     </span>
     <span class='ocr_line' id='line_1_7' title="bbox 7 1036 104 1066; baseline 0.041 -11"><span class='ocrx_word' id='word_1_54' title='bbox 7 1036 104 1066; x_wconf 46' lang='lat' dir='ltr'>r</span> 
     </span>
    </p>
   </div>
   <div class='ocr_carea' id='block_1_4' title="bbox 311 1035 1661 1205">
    <p class='ocr_par' dir='ltr' id='par_1_5' title="bbox 311 1035 1661 1205">
     <span class='ocr_line' id='line_1_8' title="bbox 414 1035 1660 1121; baseline -0.003 -22"><span class='ocrx_word' id='word_1_55' title='bbox 414 1039 505 1099; x_wconf 87' lang='lat' dir='ltr'>Latua</span> <span class='ocrx_word' id='word_1_56' title='bbox 528 1058 593 1099; x_wconf 88' lang='lat' dir='ltr'>eum</span> <span class='ocrx_word' id='word_1_57' title='bbox 616 1041 788 1121; x_wconf 84' lang='lat' dir='ltr'>aiijacente,</span> <span class='ocrx_word' id='word_1_58' title='bbox 820 1049 851 1099; x_wconf 93' lang='lat' dir='ltr'>ut</span> <span class='ocrx_word' id='word_1_59' title='bbox 873 1041 933 1115; x_wconf 90' lang='grc' dir='ltr'><strong>ΒΟ,</strong></span> <span class='ocrx_word' id='word_1_60' title='bbox 958 1041 1046 1101; x_wconf 78' lang='lat' dir='ltr'>Bon.</span> <span class='ocrx_word' id='word_1_61' title='bbox 1091 1041 1149 1102; x_wconf 86' lang='lat' dir='ltr'>Hic</span> <span class='ocrx_word' id='word_1_62' title='bbox 1171 1043 1263 1101; x_wconf 82' lang='lat' dir='ltr'>tranei</span> <span class='ocrx_word' id='word_1_63' title='bbox 1289 1043 1318 1098; x_wconf 94' lang='lat' dir='ltr'>in</span> <span class='ocrx_word' id='word_1_64' title='bbox 1349 1036 1432 1098; x_wconf 91' lang='grc' dir='ltr'><strong>ΕΟΒ</strong></span> <span class='ocrx_word' id='word_1_65' title='bbox 1455 1049 1485 1098; x_wconf 91' lang='lat' dir='ltr'>et</span> <span class='ocrx_word' id='word_1_66' title='bbox 1508 1037 1561 1097; x_wconf 91' lang='grc' dir='ltr'><strong>ΒΟ</strong></span> <span class='ocrx_word' id='word_1_67' title='bbox 1590 1035 1660 1096; x_wconf 84' lang='lat' dir='ltr'>latur</span> 
     </span>
     <span class='ocr_line' id='line_1_9' title="bbox 311 1125 1661 1205; baseline -0.004 -16"><span class='ocrx_word' id='word_1_68' title='bbox 311 1129 412 1189; x_wconf 87' lang='lat' dir='ltr'>rlntum</span> <span class='ocrx_word' id='word_1_69' title='bbox 436 1129 502 1204; x_wconf 83' lang='lat' dir='ltr'>(ceu</span> <span class='ocrx_word' id='word_1_70' title='bbox 527 1128 632 1187; x_wconf 77' lang='lat' dir='ltr'>baseos</span> <span class='ocrx_word' id='word_1_71' title='bbox 656 1127 708 1187; x_wconf 91' lang='grc' dir='ltr'><strong>ΟΒ</strong></span> <span class='ocrx_word' id='word_1_72' title='bbox 732 1129 990 1205; x_wconf 88' lang='lat' dir='ltr'>complementum)</span> <span class='ocrx_word' id='word_1_73' title='bbox 1018 1146 1126 1205; x_wconf 88' lang='lat' dir='ltr'>quaere</span> <span class='ocrx_word' id='word_1_74' title='bbox 1150 1131 1260 1188; x_wconf 92' lang='lat' dir='ltr'>inuno</span> <span class='ocrx_word' id='word_1_75' title='bbox 1284 1129 1430 1202; x_wconf 75' lang='lat' dir='ltr'>margine,</span> <span class='ocrx_word' id='word_1_76' title='bbox 1456 1125 1559 1202; x_wconf 90' lang='lat' dir='ltr'>anguli</span> <span class='ocrx_word' id='word_1_77' title='bbox 1585 1141 1661 1184; x_wconf 90' lang='lat' dir='ltr'>com-</span> 
     </span>
    </p>
   </div>
   <div class='ocr_carea' id='block_1_5' title="bbox 32 1174 1660 1311">
    <p class='ocr_par' dir='ltr' id='par_1_6' title="bbox 32 1174 1660 1311">
     <span class='ocr_line' id='line_1_10' title="bbox 32 1174 1660 1311; baseline -0.005 -34"><span class='ocrx_word' id='word_1_78' title='bbox 32 1174 91 1311; x_wconf 20' lang='grc' dir='ltr'>ιζ,</span> <span class='ocrx_word' id='word_1_79' title='bbox 124 1275 126 1284; x_wconf 82' lang='grc'><strong>,</strong></span> <span class='ocrx_word' id='word_1_80' title='bbox 152 1239 156 1248; x_wconf 73' lang='grc'><strong><em>’</em></strong></span> <span class='ocrx_word' id='word_1_81' title='bbox 273 1215 274 1220; x_wconf 74' lang='grc'>’</span> <span class='ocrx_word' id='word_1_82' title='bbox 309 1216 487 1295; x_wconf 82' lang='lat' dir='ltr'>plumentum</span> <span class='ocrx_word' id='word_1_83' title='bbox 512 1214 557 1273; x_wconf 89' lang='lat' dir='ltr'>HI</span> <span class='ocrx_word' id='word_1_84' title='bbox 580 1219 608 1272; x_wconf 92' lang='lat' dir='ltr'>in</span> <span class='ocrx_word' id='word_1_85' title='bbox 632 1215 741 1290; x_wconf 86' lang='lat' dir='ltr'>altero,</span> <span class='ocrx_word' id='word_1_86' title='bbox 773 1234 842 1275; x_wconf 87' lang='lat' dir='ltr'>arec</span> <span class='ocrx_word' id='word_1_87' title='bbox 870 1215 953 1275; x_wconf 86' lang='lat' dir='ltr'>dabit</span> <span class='ocrx_word' id='word_1_88' title='bbox 976 1217 1025 1274; x_wconf 82' lang='grc' dir='ltr'><strong>ΒΕ</strong></span> <span class='ocrx_word' id='word_1_89' title='bbox 1055 1213 1301 1294; x_wconf 85' lang='lat' dir='ltr'>complementum</span> <span class='ocrx_word' id='word_1_90' title='bbox 1332 1214 1431 1273; x_wconf 86' lang='lat' dir='ltr'>lateria</span> <span class='ocrx_word' id='word_1_91' title='bbox 1455 1213 1524 1287; x_wconf 92' lang='grc' dir='ltr'><strong>ΕΒ,</strong></span> <span class='ocrx_word' id='word_1_92' title='bbox 1557 1211 1660 1288; x_wconf 87' lang='lat' dir='ltr'>angulo</span> 
     </span>
    </p>
   </div>
   <div class='ocr_carea' id='block_1_6' title="bbox 307 1301 1662 1469">
    <p class='ocr_par' dir='ltr' id='par_1_7' title="bbox 307 1301 1662 1469">
     <span class='ocr_line' id='line_1_11' title="bbox 307 1301 1660 1380; baseline -0.005 -15"><span class='ocrx_word' id='word_1_93' title='bbox 307 1305 387 1365; x_wconf 87' lang='grc' dir='ltr'>ΒΟΒ</span> <span class='ocrx_word' id='word_1_94' title='bbox 412 1305 550 1378; x_wconf 81' lang='lat' dir='ltr'>oppositi,</span> <span class='ocrx_word' id='word_1_95' title='bbox 573 1303 652 1378; x_wconf 90' lang='lat' dir='ltr'>quod</span> <span class='ocrx_word' id='word_1_96' title='bbox 676 1303 725 1364; x_wconf 80' lang='grc' dir='ltr'><strong>ΒΕ</strong></span> <span class='ocrx_word' id='word_1_97' title='bbox 749 1313 801 1378; x_wconf 87' lang='lat' dir='ltr'>eat,</span> <span class='ocrx_word' id='word_1_98' title='bbox 826 1303 1054 1363; x_wconf 70' lang='lat' dir='ltr'>nectendum</span> <span class='ocrx_word' id='word_1_99' title='bbox 1077 1305 1211 1380; x_wconf 78' lang='lat' dir='ltr'>angulus,</span> <span class='ocrx_word' id='word_1_100' title='bbox 1235 1323 1270 1364; x_wconf 88' lang='lat' dir='ltr'>cx</span> <span class='ocrx_word' id='word_1_101' title='bbox 1293 1319 1352 1379; x_wconf 86' lang='lat' dir='ltr'>quo</span> <span class='ocrx_word' id='word_1_102' title='bbox 1374 1301 1522 1361; x_wconf 86' lang='lat' dir='ltr'>habentur</span> <span class='ocrx_word' id='word_1_103' title='bbox 1541 1301 1660 1376; x_wconf 82' lang='lat' dir='ltr'>reliqna</span> 
     </span>
     <span class='ocr_line' id='line_1_12' title="bbox 417 1387 1662 1469; baseline -0.002 -20"><span class='ocrx_word' id='word_1_104' title='bbox 417 1389 550 1466; x_wconf 82' lang='lat' dir='ltr'>Angelus</span> <span class='ocrx_word' id='word_1_105' title='bbox 579 1401 710 1466; x_wconf 88' lang='lat' dir='ltr'>uterque.</span> <span class='ocrx_word' id='word_1_106' title='bbox 755 1390 838 1450; x_wconf 83' lang='lat' dir='ltr'>&#39;lunc</span> <span class='ocrx_word' id='word_1_107' title='bbox 866 1394 895 1448; x_wconf 90' lang='lat' dir='ltr'>in</span> <span class='ocrx_word' id='word_1_108' title='bbox 919 1391 1014 1464; x_wconf 83' lang='lat' dir='ltr'>ECD,</span> <span class='ocrx_word' id='word_1_109' title='bbox 1045 1391 1098 1450; x_wconf 92' lang='grc' dir='ltr'><strong>ΕΒ</strong></span> <span class='ocrx_word' id='word_1_110' title='bbox 1121 1401 1167 1454; x_wconf 90' lang='lat' dir='ltr'>eat</span> <span class='ocrx_word' id='word_1_111' title='bbox 1196 1391 1440 1469; x_wconf 80' lang='lat' dir='ltr'>complementum</span> <span class='ocrx_word' id='word_1_112' title='bbox 1467 1387 1518 1448; x_wconf 81' lang='grc' dir='ltr'><strong>ΒΕ</strong></span> <span class='ocrx_word' id='word_1_113' title='bbox 1547 1388 1614 1448; x_wconf 84' lang='lat' dir='ltr'>dati</span> <span class='ocrx_word' id='word_1_114' title='bbox 1636 1397 1662 1447; x_wconf 88' lang='lat' dir='ltr'>et</span> 
     </span>
    </p>
   </div>
   <div class='ocr_carea' id='block_1_7' title="bbox 35 1445 1124 1556">
    <p class='ocr_par' dir='ltr' id='par_1_8' title="bbox 35 1445 1124 1556">
     <span class='ocr_line' id='line_1_13' title="bbox 35 1445 1124 1556; baseline 0 -16"><span class='ocrx_word' id='word_1_115' title='bbox 35 1446 39 1453; x_wconf 90' lang='lat'><em>.</em></span> <span class='ocrx_word' id='word_1_116' title='bbox 79 1445 87 1504; x_wconf 16' lang='grc' dir='ltr'>β’</span> <span class='ocrx_word' id='word_1_117' title='bbox 112 1467 128 1486; x_wconf 77' lang='grc'><strong>”</strong></span> <span class='ocrx_word' id='word_1_118' title='bbox 201 1531 203 1538; x_wconf 44' lang='grc'><strong>,</strong></span> <span class='ocrx_word' id='word_1_119' title='bbox 315 1480 379 1556; x_wconf 86' lang='lat' dir='ltr'>ejus</span> <span class='ocrx_word' id='word_1_120' title='bbox 403 1481 556 1555; x_wconf 83' lang='lat' dir='ltr'>oppositus</span> <span class='ocrx_word' id='word_1_121' title='bbox 579 1477 667 1537; x_wconf 86' lang='lat' dir='ltr'>ECD.</span> <span class='ocrx_word' id='word_1_122' title='bbox 714 1477 829 1554; x_wconf 88' lang='lat' dir='ltr'>Quaere</span> <span class='ocrx_word' id='word_1_123' title='bbox 851 1481 956 1539; x_wconf 89' lang='lat' dir='ltr'>iterum</span> <span class='ocrx_word' id='word_1_124' title='bbox 980 1488 1012 1538; x_wconf 92' lang='lat' dir='ltr'>nt</span> <span class='ocrx_word' id='word_1_125' title='bbox 1033 1481 1124 1556; x_wconf 88' lang='lat' dir='ltr'>priua.</span> 
     </span>
    </p>
   </div>
   <div class='ocr_carea' id='block_1_8' title="bbox 413 1565 1660 2081">
    <p class='ocr_par' dir='ltr' id='par_1_9' title="bbox 416 1565 1123 1639">
     <span class='ocr_line' id='line_1_14' title="bbox 416 1565 1123 1639; baseline 0.008 -15"><span class='ocrx_word' id='word_1_126' title='bbox 416 1567 448 1624; x_wconf 80' lang='lat' dir='ltr'>st</span> <span class='ocrx_word' id='word_1_127' title='bbox 471 1565 557 1623; x_wconf 88' lang='lat' dir='ltr'>datur</span> <span class='ocrx_word' id='word_1_128' title='bbox 579 1565 641 1639; x_wconf 85' lang='lat' dir='ltr'>AB,</span> <span class='ocrx_word' id='word_1_129' title='bbox 666 1565 724 1638; x_wconf 97' lang='grc' dir='ltr'><strong>ΒΟ,</strong></span> <span class='ocrx_word' id='word_1_130' title='bbox 750 1567 896 1625; x_wconf 86' lang='lat' dir='ltr'>invenitur</span> <span class='ocrx_word' id='word_1_131' title='bbox 918 1570 947 1624; x_wconf 91' lang='lat' dir='ltr'>in</span> <span class='ocrx_word' id='word_1_132' title='bbox 971 1584 1039 1626; x_wconf 88' lang='lat' dir='ltr'>area</span> <span class='ocrx_word' id='word_1_133' title='bbox 1062 1566 1123 1630; x_wconf 90' lang='grc' dir='ltr'>ΑΟ.</span> 
     </span>
    </p>

    <p class='ocr_par' dir='ltr' id='par_1_10' title="bbox 418 1652 1079 1730">
     <span class='ocr_line' id='line_1_15' title="bbox 418 1652 1079 1730; baseline 0.005 -16"><span class='ocrx_word' id='word_1_134' title='bbox 418 1653 449 1714; x_wconf 81' lang='lat' dir='ltr'>Si</span> <span class='ocrx_word' id='word_1_135' title='bbox 474 1652 533 1726; x_wconf 91' lang='grc' dir='ltr'><strong>ΒΟ,</strong></span> <span class='ocrx_word' id='word_1_136' title='bbox 558 1652 620 1727; x_wconf 86' lang='grc' dir='ltr'>ΟΑ,</span> <span class='ocrx_word' id='word_1_137' title='bbox 643 1655 790 1713; x_wconf 82' lang='lat' dir='ltr'>invenitur</span> <span class='ocrx_word' id='word_1_138' title='bbox 811 1655 839 1711; x_wconf 94' lang='lat' dir='ltr'>in</span> <span class='ocrx_word' id='word_1_139' title='bbox 863 1657 992 1730; x_wconf 78' lang='lat' dir='ltr'>margine</span> <span class='ocrx_word' id='word_1_140' title='bbox 1016 1654 1079 1719; x_wconf 87' lang='grc' dir='ltr'><strong>ΑΒ.</strong></span> 
     </span>
    </p>

    <p class='ocr_par' dir='ltr' id='par_1_11' title="bbox 416 1740 1076 1820">
     <span class='ocr_line' id='line_1_16' title="bbox 416 1740 1076 1820; baseline 0.008 -19"><span class='ocrx_word' id='word_1_141' title='bbox 416 1741 446 1801; x_wconf 89' lang='lat' dir='ltr'>Si</span> <span class='ocrx_word' id='word_1_142' title='bbox 471 1740 533 1813; x_wconf 90' lang='grc' dir='ltr'><strong>ΒΑ,</strong></span> <span class='ocrx_word' id='word_1_143' title='bbox 558 1741 620 1815; x_wconf 89' lang='grc' dir='ltr'>ΑΟ,</span> <span class='ocrx_word' id='word_1_144' title='bbox 644 1743 789 1800; x_wconf 90' lang='lat' dir='ltr'>invenitur</span> <span class='ocrx_word' id='word_1_145' title='bbox 811 1743 839 1799; x_wconf 92' lang='lat' dir='ltr'>ln</span> <span class='ocrx_word' id='word_1_146' title='bbox 863 1745 992 1820; x_wconf 82' lang='lat' dir='ltr'>margine</span> <span class='ocrx_word' id='word_1_147' title='bbox 1017 1741 1076 1806; x_wconf 89' lang='grc' dir='ltr'><strong>ΒΟ.</strong></span> 
     </span>
    </p>

    <p class='ocr_par' dir='ltr' id='par_1_12' title="bbox 415 1827 1094 1890">
     <span class='ocr_line' id='line_1_17' title="bbox 415 1827 1094 1890; baseline 0.006 -4"><span class='ocrx_word' id='word_1_148' title='bbox 415 1827 449 1886; x_wconf 91' lang='lat' dir='ltr'>ln</span> <span class='ocrx_word' id='word_1_149' title='bbox 473 1829 518 1885; x_wconf 88' lang='lat' dir='ltr'>hia</span> <span class='ocrx_word' id='word_1_150' title='bbox 541 1828 634 1887; x_wconf 86' lang='lat' dir='ltr'>tribua</span> <span class='ocrx_word' id='word_1_151' title='bbox 657 1830 775 1888; x_wconf 72' lang='lat' dir='ltr'>eastum</span> <span class='ocrx_word' id='word_1_152' title='bbox 798 1840 930 1889; x_wconf 90' lang='lat' dir='ltr'>manetur</span> <span class='ocrx_word' id='word_1_153' title='bbox 952 1833 982 1887; x_wconf 93' lang='lat' dir='ltr'>in</span> <span class='ocrx_word' id='word_1_154' title='bbox 1006 1829 1094 1890; x_wconf 86' lang='grc' dir='ltr'><strong>ΑΒΟ.</strong></span> 
     </span>
    </p>

    <p class='ocr_par' dir='ltr' id='par_1_13' title="bbox 417 1915 1028 1992">
     <span class='ocr_line' id='line_1_18' title="bbox 417 1915 1028 1992; baseline 0.007 -18"><span class='ocrx_word' id='word_1_155' title='bbox 417 1918 449 1990; x_wconf 88' lang='grc'>1)</span> <span class='ocrx_word' id='word_1_156' title='bbox 475 1916 566 1973; x_wconf 84' lang='lat' dir='ltr'>Detur</span> <span class='ocrx_word' id='word_1_157' title='bbox 591 1915 653 1988; x_wconf 90' lang='grc' dir='ltr'><strong>ΑΒ,</strong></span> <span class='ocrx_word' id='word_1_158' title='bbox 677 1916 737 1988; x_wconf 89' lang='grc' dir='ltr'><strong>ΒΟ,</strong></span> <span class='ocrx_word' id='word_1_159' title='bbox 761 1927 916 1992; x_wconf 86' lang='lat' dir='ltr'>quaeratur</span> <span class='ocrx_word' id='word_1_160' title='bbox 939 1916 1028 1978; x_wconf 89' lang='grc' dir='ltr'><strong>ΒΑΟ.</strong></span> 
     </span>
    </p>

    <p class='ocr_par' dir='ltr' id='par_1_14' title="bbox 413 2000 1660 2081">
     <span class='ocr_line' id='line_1_19' title="bbox 413 2000 1660 2081; baseline 0.002 -21"><span class='ocrx_word' id='word_1_161' title='bbox 413 2001 543 2061; x_wconf 90' lang='lat' dir='ltr'>Primum</span> <span class='ocrx_word' id='word_1_162' title='bbox 566 2005 595 2061; x_wconf 94' lang='lat' dir='ltr'>in</span> <span class='ocrx_word' id='word_1_163' title='bbox 620 2006 683 2080; x_wconf 83' lang='lat' dir='ltr'>ipno</span> <span class='ocrx_word' id='word_1_164' title='bbox 702 2005 778 2063; x_wconf 88' lang='grc' dir='ltr'><strong>ΑΒΟ</strong></span> <span class='ocrx_word' id='word_1_165' title='bbox 801 2008 950 2081; x_wconf 87' lang='lat' dir='ltr'>quaeritur</span> <span class='ocrx_word' id='word_1_166' title='bbox 966 2005 1026 2065; x_wconf 89' lang='grc' dir='ltr'>ΑΟ.</span> <span class='ocrx_word' id='word_1_167' title='bbox 1063 2003 1147 2064; x_wconf 81' lang='lat' dir='ltr'>Tunc</span> <span class='ocrx_word' id='word_1_168' title='bbox 1169 2004 1198 2062; x_wconf 92' lang='lat' dir='ltr'>ln</span> <span class='ocrx_word' id='word_1_169' title='bbox 1215 2002 1293 2062; x_wconf 84' lang='lat' dir='ltr'>CED</span> <span class='ocrx_word' id='word_1_170' title='bbox 1316 2001 1485 2064; x_wconf 77' lang='lat' dir='ltr'>disceditur.</span> <span class='ocrx_word' id='word_1_171' title='bbox 1516 2003 1563 2064; x_wconf 88' lang='lat' dir='ltr'>Ibi</span> <span class='ocrx_word' id='word_1_172' title='bbox 1579 2000 1660 2063; x_wconf 82' lang='lat' dir='ltr'>detur</span> 
     </span>
    </p>
   </div>
   <div class='ocr_carea' id='block_1_9' title="bbox 241 2089 1328 2168">
    <p class='ocr_par' dir='ltr' id='par_1_15' title="bbox 3 2047 1328 2179">
     <span class='ocr_line' id='line_1_20' title="bbox 241 2089 1328 2168; baseline -0.002 -15.539"><span class='ocrx_word' id='word_1_173' title='bbox 241 2153 245 2162; x_wconf 11' lang='grc' dir='ltr'>,Χ</span> <span class='ocrx_word' id='word_1_174' title='bbox 310 2091 371 2165; x_wconf 88' lang='grc' dir='ltr'><strong>ΟΒ,</strong></span> <span class='ocrx_word' id='word_1_175' title='bbox 397 2089 455 2155; x_wconf 86' lang='grc' dir='ltr'>ΟΕ.</span> <span class='ocrx_word' id='word_1_176' title='bbox 479 2093 626 2150; x_wconf 87' lang='lat' dir='ltr'>invenitur</span> <span class='ocrx_word' id='word_1_177' title='bbox 648 2093 677 2149; x_wconf 89' lang='lat' dir='ltr'>in</span> <span class='ocrx_word' id='word_1_178' title='bbox 701 2095 831 2168; x_wconf 80' lang='lat' dir='ltr'>margine</span> <span class='ocrx_word' id='word_1_179' title='bbox 855 2093 916 2164; x_wconf 89' lang='grc' dir='ltr'><strong>ΕΒ,</strong></span> <span class='ocrx_word' id='word_1_180' title='bbox 941 2091 1185 2168; x_wconf 87' lang='lat' dir='ltr'>complementum</span> <span class='ocrx_word' id='word_1_181' title='bbox 1208 2091 1247 2151; x_wconf 85' lang='lat' dir='ltr'>ad</span> <span class='ocrx_word' id='word_1_182' title='bbox 1269 2091 1328 2151; x_wconf 72' lang='lat' dir='ltr'>Fa.</span> 
     </span>
    </p>
   </div>
   <div class='ocr_carea' id='block_1_10' title="bbox 308 2173 1663 3225">
    <p class='ocr_par' dir='ltr' id='par_1_16' title="bbox 379 2173 1512 2258">
     <span class='ocr_line' id='line_1_21' title="bbox 379 2173 1512 2258; baseline 0.003 -20"><span class='ocrx_word' id='word_1_183' title='bbox 379 2199 382 2208; x_wconf 73' lang='lat'>¹</span> <span class='ocrx_word' id='word_1_184' title='bbox 414 2173 450 2258; x_wconf 69' lang='grc' dir='ltr'><strong>Β)</strong></span> <span class='ocrx_word' id='word_1_185' title='bbox 476 2177 568 2237; x_wconf 87' lang='lat' dir='ltr'>Detur</span> <span class='ocrx_word' id='word_1_186' title='bbox 593 2179 655 2250; x_wconf 92' lang='grc' dir='ltr'><strong>ΑΒ,</strong></span> <span class='ocrx_word' id='word_1_187' title='bbox 681 2179 730 2240; x_wconf 90' lang='grc' dir='ltr'><strong>ΒΟ</strong></span> <span class='ocrx_word' id='word_1_188' title='bbox 753 2188 783 2240; x_wconf 87' lang='lat' dir='ltr'>et</span> <span class='ocrx_word' id='word_1_189' title='bbox 805 2189 961 2256; x_wconf 81' lang='lat' dir='ltr'>quaeratur</span> <span class='ocrx_word' id='word_1_190' title='bbox 985 2181 1072 2244; x_wconf 82' lang='lat' dir='ltr'><strong>BOA.</strong></span> <span class='ocrx_word' id='word_1_191' title='bbox 1504 2189 1512 2210; x_wconf 85' lang='lat'>⁸</span> 
     </span>
    </p>

    <p class='ocr_par' dir='ltr' id='par_1_17' title="bbox 309 2261 1661 2433">
     <span class='ocr_line' id='line_1_22' title="bbox 414 2261 1661 2344; baseline -0.001 -18"><span class='ocrx_word' id='word_1_192' title='bbox 414 2261 545 2326; x_wconf 87' lang='lat' dir='ltr'>Primum</span> <span class='ocrx_word' id='word_1_193' title='bbox 576 2269 604 2324; x_wconf 92' lang='lat' dir='ltr'>iu</span> <span class='ocrx_word' id='word_1_194' title='bbox 630 2267 707 2326; x_wconf 83' lang='lat' dir='ltr'>ABG</span> <span class='ocrx_word' id='word_1_195' title='bbox 737 2273 888 2344; x_wconf 87' lang='lat' dir='ltr'>quaeritur</span> <span class='ocrx_word' id='word_1_196' title='bbox 911 2267 972 2330; x_wconf 89' lang='grc' dir='ltr'>ΑΟ.</span> <span class='ocrx_word' id='word_1_197' title='bbox 1018 2267 1089 2327; x_wconf 85' lang='lat' dir='ltr'>Inde</span> <span class='ocrx_word' id='word_1_198' title='bbox 1116 2268 1146 2324; x_wconf 94' lang='lat' dir='ltr'>in</span> <span class='ocrx_word' id='word_1_199' title='bbox 1178 2266 1251 2327; x_wconf 86' lang='grc' dir='ltr'>ΑΗΙ</span> <span class='ocrx_word' id='word_1_200' title='bbox 1279 2285 1315 2328; x_wconf 86' lang='lat' dir='ltr'>ex</span> <span class='ocrx_word' id='word_1_201' title='bbox 1339 2267 1411 2340; x_wconf 88' lang='grc' dir='ltr'>ΑΗ,</span> <span class='ocrx_word' id='word_1_202' title='bbox 1443 2267 1487 2328; x_wconf 90' lang='grc' dir='ltr'>ΑΙ</span> <span class='ocrx_word' id='word_1_203' title='bbox 1517 2268 1661 2328; x_wconf 83' lang='lat' dir='ltr'>invenitur</span> 
     </span>
     <span class='ocr_line' id='line_1_23' title="bbox 309 2353 1436 2433; baseline 0.005 -20"><span class='ocrx_word' id='word_1_204' title='bbox 309 2353 354 2413; x_wconf 92' lang='grc' dir='ltr'>ΗΙ</span> <span class='ocrx_word' id='word_1_205' title='bbox 376 2355 407 2411; x_wconf 94' lang='lat' dir='ltr'>in</span> <span class='ocrx_word' id='word_1_206' title='bbox 430 2356 570 2428; x_wconf 77' lang='lat' dir='ltr'>margine,</span> <span class='ocrx_word' id='word_1_207' title='bbox 594 2354 673 2429; x_wconf 86' lang='lat' dir='ltr'>quod</span> <span class='ocrx_word' id='word_1_208' title='bbox 697 2365 742 2414; x_wconf 85' lang='lat' dir='ltr'>eet</span> <span class='ocrx_word' id='word_1_209' title='bbox 764 2356 1007 2432; x_wconf 87' lang='lat' dir='ltr'>complementum</span> <span class='ocrx_word' id='word_1_210' title='bbox 1030 2355 1068 2414; x_wconf 82' lang='lat' dir='ltr'>atl</span> <span class='ocrx_word' id='word_1_211' title='bbox 1091 2353 1159 2429; x_wconf 83' lang='lat' dir='ltr'>HG,</span> <span class='ocrx_word' id='word_1_212' title='bbox 1182 2355 1323 2433; x_wconf 87' lang='lat' dir='ltr'>angulum</span> <span class='ocrx_word' id='word_1_213' title='bbox 1347 2355 1436 2419; x_wconf 89' lang='grc' dir='ltr'><strong>ΒΟΑ.</strong></span> 
     </span>
    </p>

    <p class='ocr_par' dir='ltr' id='par_1_18' title="bbox 415 2441 1065 2519">
     <span class='ocr_line' id='line_1_24' title="bbox 415 2441 1065 2519; baseline 0.002 -19"><span class='ocrx_word' id='word_1_214' title='bbox 415 2445 449 2513; x_wconf 83' lang='grc' dir='ltr'><strong>Β)</strong></span> <span class='ocrx_word' id='word_1_215' title='bbox 474 2441 567 2500; x_wconf 91' lang='lat' dir='ltr'>Detur</span> <span class='ocrx_word' id='word_1_216' title='bbox 589 2441 649 2516; x_wconf 89' lang='grc' dir='ltr'>ΒΟ,</span> <span class='ocrx_word' id='word_1_217' title='bbox 672 2443 724 2500; x_wconf 89' lang='grc' dir='ltr'>ΟΑ</span> <span class='ocrx_word' id='word_1_218' title='bbox 747 2450 776 2501; x_wconf 85' lang='lat' dir='ltr'>et</span> <span class='ocrx_word' id='word_1_219' title='bbox 798 2453 955 2519; x_wconf 83' lang='lat' dir='ltr'>quaeratur</span> <span class='ocrx_word' id='word_1_220' title='bbox 978 2442 1065 2502; x_wconf 88' lang='grc' dir='ltr'><strong>ΒΑΟ.</strong></span> 
     </span>
    </p>

    <p class='ocr_par' dir='ltr' id='par_1_19' title="bbox 311 2526 1661 2676">
     <span class='ocr_line' id='line_1_25' title="bbox 414 2526 1661 2612; baseline 0.007 -26"><span class='ocrx_word' id='word_1_221' title='bbox 414 2527 492 2602; x_wconf 85' lang='lat' dir='ltr'>Ergo</span> <span class='ocrx_word' id='word_1_222' title='bbox 515 2530 545 2585; x_wconf 92' lang='lat' dir='ltr'>in</span> <span class='ocrx_word' id='word_1_223' title='bbox 568 2527 646 2588; x_wconf 83' lang='lat' dir='ltr'>GED</span> <span class='ocrx_word' id='word_1_224' title='bbox 671 2526 756 2589; x_wconf 77' lang='lat' dir='ltr'>ditur</span> <span class='ocrx_word' id='word_1_225' title='bbox 777 2530 846 2607; x_wconf 85' lang='lat' dir='ltr'>DC,</span> <span class='ocrx_word' id='word_1_226' title='bbox 870 2531 919 2590; x_wconf 87' lang='grc' dir='ltr'>ΟΕ</span> <span class='ocrx_word' id='word_1_227' title='bbox 942 2539 971 2591; x_wconf 92' lang='lat' dir='ltr'>et</span> <span class='ocrx_word' id='word_1_228' title='bbox 994 2531 1140 2591; x_wconf 83' lang='lat' dir='ltr'>invenitur</span> <span class='ocrx_word' id='word_1_229' title='bbox 1161 2531 1190 2588; x_wconf 90' lang='lat' dir='ltr'>ln</span> <span class='ocrx_word' id='word_1_230' title='bbox 1213 2531 1344 2607; x_wconf 77' lang='lat' dir='ltr'>margine</span> <span class='ocrx_word' id='word_1_231' title='bbox 1366 2531 1435 2606; x_wconf 91' lang='grc' dir='ltr'><strong>ΕΒ,</strong></span> <span class='ocrx_word' id='word_1_232' title='bbox 1464 2533 1661 2612; x_wconf 84' lang='lat' dir='ltr'>complemen-</span> 
     </span>
     <span class='ocr_line' id='line_1_26' title="bbox 311 2614 515 2676; baseline -0.01 0"><span class='ocrx_word' id='word_1_233' title='bbox 311 2614 433 2676; x_wconf 85' lang='lat' dir='ltr'>turned</span> <span class='ocrx_word' id='word_1_234' title='bbox 458 2616 515 2674; x_wconf 81' lang='grc' dir='ltr'><strong>ΕΒ.</strong></span> 
     </span>
    </p>

    <p class='ocr_par' dir='ltr' id='par_1_20' title="bbox 311 2701 1663 2872">
     <span class='ocr_line' id='line_1_27' title="bbox 419 2701 1663 2787; baseline 0.007 -25"><span class='ocrx_word' id='word_1_235' title='bbox 419 2701 450 2780; x_wconf 82' lang='lat'>4)</span> <span class='ocrx_word' id='word_1_236' title='bbox 475 2703 568 2762; x_wconf 89' lang='lat' dir='ltr'>Detur</span> <span class='ocrx_word' id='word_1_237' title='bbox 590 2701 653 2774; x_wconf 89' lang='grc' dir='ltr'><strong>ΒΑ,</strong></span> <span class='ocrx_word' id='word_1_238' title='bbox 679 2701 730 2762; x_wconf 88' lang='grc' dir='ltr'>ΑΟ</span> <span class='ocrx_word' id='word_1_239' title='bbox 752 2712 782 2763; x_wconf 92' lang='lat' dir='ltr'>et</span> <span class='ocrx_word' id='word_1_240' title='bbox 804 2713 961 2779; x_wconf 72' lang='lat' dir='ltr'>carceratur</span> <span class='ocrx_word' id='word_1_241' title='bbox 977 2704 1065 2766; x_wconf 88' lang='grc' dir='ltr'><strong>ΒΟΑ.</strong></span> <span class='ocrx_word' id='word_1_242' title='bbox 1097 2703 1174 2783; x_wconf 83' lang='lat' dir='ltr'>Ergo</span> <span class='ocrx_word' id='word_1_243' title='bbox 1197 2707 1226 2764; x_wconf 93' lang='lat' dir='ltr'>in</span> <span class='ocrx_word' id='word_1_244' title='bbox 1251 2705 1323 2766; x_wconf 86' lang='grc' dir='ltr'>ΑΗΙ</span> <span class='ocrx_word' id='word_1_245' title='bbox 1346 2705 1516 2784; x_wconf 78' lang='lat' dir='ltr'>daturHA,</span> <span class='ocrx_word' id='word_1_246' title='bbox 1543 2709 1596 2784; x_wconf 91' lang='grc' dir='ltr'>ΑΙ,</span> <span class='ocrx_word' id='word_1_247' title='bbox 1617 2725 1663 2787; x_wconf 89' lang='lat' dir='ltr'>per</span> 
     </span>
     <span class='ocr_line' id='line_1_28' title="bbox 311 2791 1421 2872; baseline 0.005 -22"><span class='ocrx_word' id='word_1_248' title='bbox 311 2808 388 2869; x_wconf 87' lang='lat' dir='ltr'>quae</span> <span class='ocrx_word' id='word_1_249' title='bbox 410 2793 558 2851; x_wconf 86' lang='lat' dir='ltr'>invenitur</span> <span class='ocrx_word' id='word_1_250' title='bbox 580 2793 607 2848; x_wconf 92' lang='lat' dir='ltr'>in</span> <span class='ocrx_word' id='word_1_251' title='bbox 633 2793 762 2866; x_wconf 83' lang='lat' dir='ltr'>margine</span> <span class='ocrx_word' id='word_1_252' title='bbox 786 2792 839 2864; x_wconf 91' lang='grc' dir='ltr'>ΗΙ,</span> <span class='ocrx_word' id='word_1_253' title='bbox 863 2792 1106 2870; x_wconf 88' lang='lat' dir='ltr'>complementum</span> <span class='ocrx_word' id='word_1_254' title='bbox 1128 2792 1167 2853; x_wconf 89' lang='lat' dir='ltr'>atl</span> <span class='ocrx_word' id='word_1_255' title='bbox 1188 2791 1248 2854; x_wconf 80' lang='lat' dir='ltr'>fle</span> <span class='ocrx_word' id='word_1_256' title='bbox 1270 2795 1421 2872; x_wconf 90' lang='lat' dir='ltr'>angulum.</span> 
     </span>
    </p>

    <p class='ocr_par' dir='ltr' id='par_1_21' title="bbox 417 2872 1067 2961">
     <span class='ocr_line' id='line_1_29' title="bbox 417 2872 1067 2961; baseline 0.006 -23"><span class='ocrx_word' id='word_1_257' title='bbox 417 2872 450 2961; x_wconf 74' lang='grc' dir='ltr'>ὁ)</span> <span class='ocrx_word' id='word_1_258' title='bbox 474 2879 567 2937; x_wconf 88' lang='lat' dir='ltr'>Detur</span> <span class='ocrx_word' id='word_1_259' title='bbox 588 2876 647 2947; x_wconf 92' lang='grc' dir='ltr'>ΒΟ,</span> <span class='ocrx_word' id='word_1_260' title='bbox 672 2879 723 2936; x_wconf 84' lang='lat' dir='ltr'>cn</span> <span class='ocrx_word' id='word_1_261' title='bbox 748 2889 777 2939; x_wconf 91' lang='lat' dir='ltr'>et</span> <span class='ocrx_word' id='word_1_262' title='bbox 800 2875 956 2956; x_wconf 71' lang='lat' dir='ltr'>quaeratur</span> <span class='ocrx_word' id='word_1_263' title='bbox 978 2880 1067 2942; x_wconf 87' lang='grc' dir='ltr'><strong>ΒΟΑ.</strong></span> 
     </span>
    </p>

    <p class='ocr_par' dir='ltr' id='par_1_22' title="bbox 308 2965 1663 3132">
     <span class='ocr_line' id='line_1_30' title="bbox 414 2965 1663 3058; baseline 0.006 -33"><span class='ocrx_word' id='word_1_264' title='bbox 414 2965 542 3025; x_wconf 85' lang='lat' dir='ltr'>Primum</span> <span class='ocrx_word' id='word_1_265' title='bbox 567 2968 596 3024; x_wconf 94' lang='lat' dir='ltr'>ln</span> <span class='ocrx_word' id='word_1_266' title='bbox 619 2965 698 3025; x_wconf 87' lang='grc' dir='ltr'><strong>ΑΒΟ</strong></span> <span class='ocrx_word' id='word_1_267' title='bbox 722 2971 870 3041; x_wconf 85' lang='lat' dir='ltr'>quaeritur</span> <span class='ocrx_word' id='word_1_268' title='bbox 889 2969 950 3030; x_wconf 86' lang='grc' dir='ltr'><strong>ΑΒ.</strong></span> <span class='ocrx_word' id='word_1_269' title='bbox 997 2967 1072 3058; x_wconf 80' lang='lat' dir='ltr'>Dein</span> <span class='ocrx_word' id='word_1_270' title='bbox 1096 2971 1125 3028; x_wconf 94' lang='lat' dir='ltr'>in</span> <span class='ocrx_word' id='word_1_271' title='bbox 1150 2969 1222 3029; x_wconf 87' lang='grc' dir='ltr'>ΑΗΙ</span> <span class='ocrx_word' id='word_1_272' title='bbox 1246 2969 1437 3045; x_wconf 78' lang='lat' dir='ltr'>dantnrAH,</span> <span class='ocrx_word' id='word_1_273' title='bbox 1460 2970 1504 3032; x_wconf 88' lang='grc' dir='ltr'>ΑΙ</span> <span class='ocrx_word' id='word_1_274' title='bbox 1527 2975 1663 3050; x_wconf 79' lang='lat' dir='ltr'>eiigitur</span> 
     </span>
     <span class='ocr_line' id='line_1_31' title="bbox 308 3053 1115 3132; baseline 0.005 -20"><span class='ocrx_word' id='word_1_275' title='bbox 308 3053 353 3113; x_wconf 91' lang='grc' dir='ltr'>ΗΙ</span> <span class='ocrx_word' id='word_1_276' title='bbox 377 3055 406 3111; x_wconf 93' lang='lat' dir='ltr'>in</span> <span class='ocrx_word' id='word_1_277' title='bbox 430 3057 569 3128; x_wconf 85' lang='lat' dir='ltr'>margine,</span> <span class='ocrx_word' id='word_1_278' title='bbox 593 3070 633 3113; x_wconf 86' lang='lat' dir='ltr'>ao.</span> <span class='ocrx_word' id='word_1_279' title='bbox 659 3055 901 3130; x_wconf 89' lang='lat' dir='ltr'>complementum</span> <span class='ocrx_word' id='word_1_280' title='bbox 924 3053 983 3115; x_wconf 83' lang='lat' dir='ltr'>HG</span> <span class='ocrx_word' id='word_1_281' title='bbox 1005 3056 1115 3132; x_wconf 92' lang='lat' dir='ltr'>anguli.</span> 
     </span>
    </p>

    <p class='ocr_par' dir='ltr' id='par_1_23' title="bbox 418 3135 1661 3225">
     <span class='ocr_line' id='line_1_32' title="bbox 418 3135 1661 3225; baseline 0.006 -25"><span class='ocrx_word' id='word_1_282' title='bbox 418 3135 451 3225; x_wconf 84' lang='lat'>6)</span> <span class='ocrx_word' id='word_1_283' title='bbox 475 3141 567 3199; x_wconf 89' lang='lat' dir='ltr'>Detur</span> <span class='ocrx_word' id='word_1_284' title='bbox 591 3140 653 3210; x_wconf 90' lang='grc' dir='ltr'><strong>ΒΑ,</strong></span> <span class='ocrx_word' id='word_1_285' title='bbox 678 3142 729 3201; x_wconf 87' lang='grc' dir='ltr'>ΑΟ</span> <span class='ocrx_word' id='word_1_286' title='bbox 753 3151 782 3203; x_wconf 90' lang='lat' dir='ltr'>et</span> <span class='ocrx_word' id='word_1_287' title='bbox 805 3153 961 3218; x_wconf 86' lang='lat' dir='ltr'>quaeratur</span> <span class='ocrx_word' id='word_1_288' title='bbox 984 3143 1072 3205; x_wconf 88' lang='grc' dir='ltr'><strong>ΒΑΟ.</strong></span> <span class='ocrx_word' id='word_1_289' title='bbox 1117 3143 1247 3205; x_wconf 88' lang='lat' dir='ltr'>Primum</span> <span class='ocrx_word' id='word_1_290' title='bbox 1274 3146 1304 3204; x_wconf 93' lang='lat' dir='ltr'>in</span> <span class='ocrx_word' id='word_1_291' title='bbox 1328 3144 1406 3206; x_wconf 80' lang='lat' dir='ltr'>ABG</span> <span class='ocrx_word' id='word_1_292' title='bbox 1430 3149 1586 3224; x_wconf 83' lang='lat' dir='ltr'>quaeritur</span> <span class='ocrx_word' id='word_1_293' title='bbox 1608 3146 1661 3208; x_wconf 87' lang='grc' dir='ltr'><strong>ΒΟ.</strong></span> 
     </span>
    </p>
   </div>
   <div class='ocr_carea' id='block_1_11' title="bbox 309 3226 1662 3390">
    <p class='ocr_par' dir='ltr' id='par_1_24' title="bbox 309 3226 1662 3390">
     <span class='ocr_line' id='line_1_33' title="bbox 309 3226 1662 3315; baseline 0.004 -27"><span class='ocrx_word' id='word_1_294' title='bbox 309 3229 381 3288; x_wconf 83' lang='lat' dir='ltr'>Inde</span> <span class='ocrx_word' id='word_1_295' title='bbox 404 3230 433 3285; x_wconf 93' lang='lat' dir='ltr'>in</span> <span class='ocrx_word' id='word_1_296' title='bbox 458 3228 535 3287; x_wconf 86' lang='grc' dir='ltr'><strong>ΟΕΒ</strong></span> <span class='ocrx_word' id='word_1_297' title='bbox 559 3226 644 3285; x_wconf 89' lang='lat' dir='ltr'>datur</span> <span class='ocrx_word' id='word_1_298' title='bbox 667 3227 724 3302; x_wconf 86' lang='grc' dir='ltr'>ΟΕ,</span> <span class='ocrx_word' id='word_1_299' title='bbox 749 3229 810 3305; x_wconf 87' lang='grc' dir='ltr'>ΟΒ,</span> <span class='ocrx_word' id='word_1_300' title='bbox 834 3249 869 3292; x_wconf 83' lang='lat' dir='ltr'>ex</span> <span class='ocrx_word' id='word_1_301' title='bbox 893 3233 1000 3308; x_wconf 83' lang='lat' dir='ltr'>quibua</span> <span class='ocrx_word' id='word_1_302' title='bbox 1022 3234 1053 3290; x_wconf 91' lang='lat' dir='ltr'>in</span> <span class='ocrx_word' id='word_1_303' title='bbox 1075 3236 1205 3310; x_wconf 88' lang='lat' dir='ltr'>margine</span> <span class='ocrx_word' id='word_1_304' title='bbox 1228 3233 1353 3295; x_wconf 84' lang='lat' dir='ltr'>habetur</span> <span class='ocrx_word' id='word_1_305' title='bbox 1375 3233 1441 3314; x_wconf 91' lang='grc' dir='ltr'><strong>ΕΒ,</strong></span> <span class='ocrx_word' id='word_1_306' title='bbox 1466 3238 1662 3315; x_wconf 83' lang='lat' dir='ltr'>complemen-</span> 
     </span>
     <span class='ocr_line' id='line_1_34' title="bbox 309 3314 678 3390; baseline -0.005 -14"><span class='ocrx_word' id='word_1_307' title='bbox 309 3327 370 3376; x_wconf 87' lang='lat' dir='ltr'>tum</span> <span class='ocrx_word' id='word_1_308' title='bbox 393 3315 431 3375; x_wconf 85' lang='lat' dir='ltr'>ad</span> <span class='ocrx_word' id='word_1_309' title='bbox 456 3315 505 3374; x_wconf 82' lang='grc' dir='ltr'><strong>ΒΕ</strong></span> <span class='ocrx_word' id='word_1_310' title='bbox 528 3314 678 3390; x_wconf 85' lang='lat' dir='ltr'>angrrlnm.</span> 
     </span>
    </p>
   </div>
   <div class='ocr_carea' id='block_1_12' title="bbox 310 3396 1660 3565">
    <p class='ocr_par' dir='ltr' id='par_1_25' title="bbox 310 3396 1660 3565">
     <span class='ocr_line' id='line_1_35' title="bbox 416 3396 1660 3488; baseline 0.009 -27"><span class='ocrx_word' id='word_1_311' title='bbox 416 3396 449 3486; x_wconf 84' lang='lat' dir='ltr'>t)</span> <span class='ocrx_word' id='word_1_312' title='bbox 473 3403 565 3461; x_wconf 89' lang='lat' dir='ltr'>Detur</span> <span class='ocrx_word' id='word_1_313' title='bbox 588 3401 647 3476; x_wconf 85' lang='grc' dir='ltr'>ΑΟ,</span> <span class='ocrx_word' id='word_1_314' title='bbox 672 3403 759 3476; x_wconf 88' lang='grc' dir='ltr'><strong>ΟΑΒ,</strong></span> <span class='ocrx_word' id='word_1_315' title='bbox 784 3406 932 3482; x_wconf 83' lang='lat' dir='ltr'>quaeritur</span> <span class='ocrx_word' id='word_1_316' title='bbox 956 3405 1014 3468; x_wconf 89' lang='grc' dir='ltr'>ΒΟ.</span> <span class='ocrx_word' id='word_1_317' title='bbox 1059 3408 1137 3485; x_wconf 86' lang='lat' dir='ltr'>Ergo</span> <span class='ocrx_word' id='word_1_318' title='bbox 1161 3412 1191 3468; x_wconf 90' lang='lat' dir='ltr'>in</span> <span class='ocrx_word' id='word_1_319' title='bbox 1214 3409 1293 3469; x_wconf 87' lang='grc' dir='ltr'><strong>ΟΕΒ</strong></span> <span class='ocrx_word' id='word_1_320' title='bbox 1317 3409 1403 3472; x_wconf 87' lang='lat' dir='ltr'>datur</span> <span class='ocrx_word' id='word_1_321' title='bbox 1426 3410 1485 3486; x_wconf 88' lang='grc' dir='ltr'>ΟΕ,</span> <span class='ocrx_word' id='word_1_322' title='bbox 1509 3411 1577 3488; x_wconf 90' lang='grc' dir='ltr'><strong>ΕΒ,</strong></span> <span class='ocrx_word' id='word_1_323' title='bbox 1600 3412 1660 3472; x_wconf 85' lang='lat' dir='ltr'>hino</span> 
     </span>
     <span class='ocr_line' id='line_1_36' title="bbox 310 3490 932 3565; baseline 0.006 -16"><span class='ocrx_word' id='word_1_324' title='bbox 310 3494 340 3550; x_wconf 91' lang='lat' dir='ltr'>in</span> <span class='ocrx_word' id='word_1_325' title='bbox 364 3508 433 3551; x_wconf 86' lang='lat' dir='ltr'>area</span> <span class='ocrx_word' id='word_1_326' title='bbox 456 3490 518 3563; x_wconf 87' lang='grc' dir='ltr'>ΟΒ,</span> <span class='ocrx_word' id='word_1_327' title='bbox 543 3491 786 3565; x_wconf 86' lang='lat' dir='ltr'>complementum</span> <span class='ocrx_word' id='word_1_328' title='bbox 809 3493 846 3551; x_wconf 89' lang='lat' dir='ltr'>ad</span> <span class='ocrx_word' id='word_1_329' title='bbox 872 3493 932 3554; x_wconf 87' lang='grc' dir='ltr'><strong>ΒΟ.</strong></span> 
     </span>
    </p>
   </div>
   <div class='ocr_carea' id='block_1_13' title="bbox 240 3579 1697 4442">
    <p class='ocr_par' dir='ltr' id='par_1_26' title="bbox 310 3579 1661 3744">
     <span class='ocr_line' id='line_1_37' title="bbox 415 3579 1661 3662; baseline 0.008 -24"><span class='ocrx_word' id='word_1_330' title='bbox 415 3581 448 3654; x_wconf 88' lang='grc'>8)</span> <span class='ocrx_word' id='word_1_331' title='bbox 472 3579 565 3636; x_wconf 87' lang='lat' dir='ltr'>Detur</span> <span class='ocrx_word' id='word_1_332' title='bbox 590 3579 650 3650; x_wconf 86' lang='grc' dir='ltr'>ΑΟ,</span> <span class='ocrx_word' id='word_1_333' title='bbox 676 3579 763 3652; x_wconf 89' lang='grc' dir='ltr'><strong>ΑΟΒ,</strong></span> <span class='ocrx_word' id='word_1_334' title='bbox 786 3583 936 3655; x_wconf 85' lang='lat' dir='ltr'>quaeritur</span> <span class='ocrx_word' id='word_1_335' title='bbox 958 3581 1020 3642; x_wconf 89' lang='grc' dir='ltr'><strong>ΑΒ.</strong></span> <span class='ocrx_word' id='word_1_336' title='bbox 1066 3582 1144 3660; x_wconf 85' lang='lat' dir='ltr'>Ergo</span> <span class='ocrx_word' id='word_1_337' title='bbox 1168 3587 1196 3643; x_wconf 93' lang='lat' dir='ltr'>in</span> <span class='ocrx_word' id='word_1_338' title='bbox 1221 3585 1293 3645; x_wconf 92' lang='grc' dir='ltr'>ΑΗΙ</span> <span class='ocrx_word' id='word_1_339' title='bbox 1318 3585 1403 3646; x_wconf 85' lang='lat' dir='ltr'>datur</span> <span class='ocrx_word' id='word_1_340' title='bbox 1426 3585 1494 3662; x_wconf 87' lang='grc' dir='ltr'>ΑΗ,</span> <span class='ocrx_word' id='word_1_341' title='bbox 1518 3585 1577 3661; x_wconf 83' lang='lat' dir='ltr'>HI,</span> <span class='ocrx_word' id='word_1_342' title='bbox 1601 3588 1661 3648; x_wconf 81' lang='lat' dir='ltr'>hine</span> 
     </span>
     <span class='ocr_line' id='line_1_38' title="bbox 310 3664 1111 3744; baseline 0.01 -22"><span class='ocrx_word' id='word_1_343' title='bbox 310 3666 339 3722; x_wconf 92' lang='lat' dir='ltr'>in</span> <span class='ocrx_word' id='word_1_344' title='bbox 362 3682 432 3724; x_wconf 86' lang='lat' dir='ltr'>arca</span> <span class='ocrx_word' id='word_1_345' title='bbox 457 3664 508 3737; x_wconf 90' lang='grc' dir='ltr'>ΑΙ,</span> <span class='ocrx_word' id='word_1_346' title='bbox 532 3665 777 3739; x_wconf 88' lang='lat' dir='ltr'>complementum</span> <span class='ocrx_word' id='word_1_347' title='bbox 799 3667 837 3726; x_wconf 90' lang='lat' dir='ltr'>ad</span> <span class='ocrx_word' id='word_1_348' title='bbox 862 3668 914 3726; x_wconf 86' lang='grc' dir='ltr'><strong>ΑΒ</strong></span> <span class='ocrx_word' id='word_1_349' title='bbox 937 3671 1111 3744; x_wconf 80' lang='lat' dir='ltr'>quaesitum.</span> 
     </span>
    </p>

    <p class='ocr_par' dir='ltr' id='par_1_27' title="bbox 240 3752 1697 4442">
     <span class='ocr_line' id='line_1_39' title="bbox 414 3752 1659 3838; baseline 0.009 -26"><span class='ocrx_word' id='word_1_350' title='bbox 414 3755 447 3826; x_wconf 80' lang='lat'>9)</span> <span class='ocrx_word' id='word_1_351' title='bbox 471 3752 564 3812; x_wconf 88' lang='lat' dir='ltr'>Detur</span> <span class='ocrx_word' id='word_1_352' title='bbox 587 3752 655 3828; x_wconf 88' lang='grc' dir='ltr'>ΑΟ,</span> <span class='ocrx_word' id='word_1_353' title='bbox 679 3754 773 3826; x_wconf 87' lang='grc' dir='ltr'><strong>ΟΑΒ,</strong></span> <span class='ocrx_word' id='word_1_354' title='bbox 804 3759 952 3831; x_wconf 87' lang='lat' dir='ltr'>quaeritur</span> <span class='ocrx_word' id='word_1_355' title='bbox 976 3757 1037 3820; x_wconf 88' lang='grc' dir='ltr'><strong>ΑΒ.</strong></span> <span class='ocrx_word' id='word_1_356' title='bbox 1083 3756 1213 3818; x_wconf 91' lang='lat' dir='ltr'>Primum</span> <span class='ocrx_word' id='word_1_357' title='bbox 1236 3761 1265 3816; x_wconf 91' lang='lat' dir='ltr'>in</span> <span class='ocrx_word' id='word_1_358' title='bbox 1290 3759 1368 3820; x_wconf 90' lang='grc' dir='ltr'><strong>ΟΕΒ</strong></span> <span class='ocrx_word' id='word_1_359' title='bbox 1398 3759 1486 3822; x_wconf 87' lang='lat' dir='ltr'>datur</span> <span class='ocrx_word' id='word_1_360' title='bbox 1509 3762 1583 3838; x_wconf 85' lang='lat' dir='ltr'>DE,</span> <span class='ocrx_word' id='word_1_361' title='bbox 1607 3761 1659 3834; x_wconf 83' lang='grc' dir='ltr'>ΕΟ,</span> 
     </span>
     <span class='ocr_line' id='line_1_40' title="bbox 309 3841 1660 3943; baseline 0.009 -47"><span class='ocrx_word' id='word_1_362' title='bbox 309 3856 378 3942; x_wconf 78' lang='lat' dir='ltr'>ergo</span> <span class='ocrx_word' id='word_1_363' title='bbox 402 3841 430 3897; x_wconf 92' lang='lat' dir='ltr'>in</span> <span class='ocrx_word' id='word_1_364' title='bbox 446 3857 522 3943; x_wconf 35' lang='lat' dir='ltr'>&#39;area</span> <span class='ocrx_word' id='word_1_365' title='bbox 545 3841 607 3914; x_wconf 90' lang='grc' dir='ltr'><strong>ΟΒ,</strong></span> <span class='ocrx_word' id='word_1_366' title='bbox 631 3841 876 3920; x_wconf 88' lang='lat' dir='ltr'>complementum</span> <span class='ocrx_word' id='word_1_367' title='bbox 898 3843 936 3902; x_wconf 87' lang='lat' dir='ltr'>ad</span> <span class='ocrx_word' id='word_1_368' title='bbox 959 3843 1018 3906; x_wconf 88' lang='grc' dir='ltr'><strong>ΒΟ.</strong></span> <span class='ocrx_word' id='word_1_369' title='bbox 1056 3844 1126 3905; x_wconf 86' lang='lat' dir='ltr'>Jcm</span> <span class='ocrx_word' id='word_1_370' title='bbox 1150 3849 1178 3906; x_wconf 92' lang='lat' dir='ltr'>in</span> <span class='ocrx_word' id='word_1_371' title='bbox 1203 3846 1282 3907; x_wconf 89' lang='grc' dir='ltr'><strong>ΑΒΟ</strong></span> <span class='ocrx_word' id='word_1_372' title='bbox 1306 3865 1342 3908; x_wconf 82' lang='lat' dir='ltr'>ox</span> <span class='ocrx_word' id='word_1_373' title='bbox 1357 3848 1417 3924; x_wconf 90' lang='grc' dir='ltr'><strong>ΒΟ,</strong></span> <span class='ocrx_word' id='word_1_374' title='bbox 1443 3849 1496 3910; x_wconf 86' lang='grc' dir='ltr'>ΟΑ</span> <span class='ocrx_word' id='word_1_375' title='bbox 1520 3853 1660 3911; x_wconf 84' lang='lat' dir='ltr'>invenitur</span> 
     </span>
     <span class='ocr_line' id='line_1_41' title="bbox 308 3927 1658 4098; baseline 0.01 -25"><span class='ocrx_word' id='word_1_376' title='bbox 308 3944 337 3984; x_wconf 69' lang='lat' dir='ltr'>m</span> <span class='ocrx_word' id='word_1_377' title='bbox 361 3927 584 4098; x_wconf 45' lang='lat' dir='ltr'>merlgppenteitlss</span> <span class='ocrx_word' id='word_1_378' title='bbox 608 4015 668 4088; x_wconf 87' lang='grc' dir='ltr'>ΑΟ,</span> <span class='ocrx_word' id='word_1_379' title='bbox 693 4016 784 4090; x_wconf 88' lang='grc' dir='ltr'><strong>ΑΟΒ,</strong></span> <span class='ocrx_word' id='word_1_380' title='bbox 815 4020 965 4095; x_wconf 84' lang='lat' dir='ltr'>quaeritur</span> <span class='ocrx_word' id='word_1_381' title='bbox 988 4020 1046 4080; x_wconf 91' lang='grc' dir='ltr'><strong>ΒΟ.</strong></span> <span class='ocrx_word' id='word_1_382' title='bbox 1092 4020 1222 4080; x_wconf 87' lang='lat' dir='ltr'>Primum</span> <span class='ocrx_word' id='word_1_383' title='bbox 1254 4023 1283 4079; x_wconf 93' lang='lat' dir='ltr'>ln</span> <span class='ocrx_word' id='word_1_384' title='bbox 1309 4021 1382 4082; x_wconf 88' lang='grc' dir='ltr'>ΑΗΙ</span> <span class='ocrx_word' id='word_1_385' title='bbox 1408 4021 1658 4096; x_wconf 62' lang='lat' dir='ltr'>detortitium</span> 
     </span>
     <span class='ocr_line' id='line_1_42' title="bbox 240 4103 1660 4206; baseline 0.013 -52"><span class='ocrx_word' id='word_1_386' title='bbox 240 4133 251 4154; x_wconf 83' lang='grc'><strong>.</strong></span> <span class='ocrx_word' id='word_1_387' title='bbox 307 4117 415 4206; x_wconf 60' lang='lat' dir='ltr'>quaese</span> <span class='ocrx_word' id='word_1_388' title='bbox 436 4103 466 4159; x_wconf 90' lang='lat' dir='ltr'>in</span> <span class='ocrx_word' id='word_1_389' title='bbox 491 4121 559 4206; x_wconf 79' lang='lat' dir='ltr'>area</span> <span class='ocrx_word' id='word_1_390' title='bbox 583 4103 635 4178; x_wconf 93' lang='grc' dir='ltr'>ΑΙ,</span> <span class='ocrx_word' id='word_1_391' title='bbox 659 4105 902 4181; x_wconf 89' lang='lat' dir='ltr'>complementum</span> <span class='ocrx_word' id='word_1_392' title='bbox 925 4107 962 4167; x_wconf 87' lang='lat' dir='ltr'>ad</span> <span class='ocrx_word' id='word_1_393' title='bbox 986 4108 1049 4168; x_wconf 86' lang='grc' dir='ltr'><strong>ΑΒ.</strong></span> <span class='ocrx_word' id='word_1_394' title='bbox 1087 4108 1162 4169; x_wconf 82' lang='lat' dir='ltr'>&#39;lum</span> <span class='ocrx_word' id='word_1_395' title='bbox 1185 4112 1215 4168; x_wconf 89' lang='lat' dir='ltr'>in</span> <span class='ocrx_word' id='word_1_396' title='bbox 1229 4110 1309 4170; x_wconf 86' lang='grc' dir='ltr'><strong>ΑΒΟ</strong></span> <span class='ocrx_word' id='word_1_397' title='bbox 1331 4129 1384 4188; x_wconf 90' lang='lat' dir='ltr'>per</span> <span class='ocrx_word' id='word_1_398' title='bbox 1405 4111 1469 4188; x_wconf 85' lang='grc' dir='ltr'><strong>ΒΑ,</strong></span> <span class='ocrx_word' id='word_1_399' title='bbox 1487 4113 1541 4175; x_wconf 91' lang='grc' dir='ltr'>ΑΟ</span> <span class='ocrx_word' id='word_1_400' title='bbox 1557 4129 1660 4192; x_wconf 83' lang='lat' dir='ltr'>quaere</span> 
     </span>
     <span class='ocr_line' id='line_1_43' title="bbox 309 4189 1697 4364; baseline 0.01 -27"><span class='ocrx_word' id='word_1_401' title='bbox 309 4189 359 4248; x_wconf 71' lang='lat' dir='ltr'>BC</span> <span class='ocrx_word' id='word_1_402' title='bbox 384 4209 426 4338; x_wconf 83' lang='lat' dir='ltr'>ln1</span> <span class='ocrx_word' id='word_1_403' title='bbox 435 4208 581 4354; x_wconf 45' lang='lat' dir='ltr'>1³3⁸ssss</span> <span class='ocrx_word' id='word_1_404' title='bbox 597 4277 655 4350; x_wconf 88' lang='grc' dir='ltr'><strong>ΒΟ,</strong></span> <span class='ocrx_word' id='word_1_405' title='bbox 674 4277 763 4354; x_wconf 83' lang='grc' dir='ltr'><strong>ΒΑΟ,</strong></span> <span class='ocrx_word' id='word_1_406' title='bbox 788 4288 945 4356; x_wconf 85' lang='lat' dir='ltr'>quaeretur</span> <span class='ocrx_word' id='word_1_407' title='bbox 968 4281 1027 4342; x_wconf 84' lang='grc' dir='ltr'>ΑΟ.</span> <span class='ocrx_word' id='word_1_408' title='bbox 1072 4284 1149 4361; x_wconf 83' lang='lat' dir='ltr'>Ergo</span> <span class='ocrx_word' id='word_1_409' title='bbox 1166 4287 1194 4342; x_wconf 91' lang='lat' dir='ltr'>in</span> <span class='ocrx_word' id='word_1_410' title='bbox 1211 4284 1289 4345; x_wconf 90' lang='grc' dir='ltr'><strong>ΟΕΒ</strong></span> <span class='ocrx_word' id='word_1_411' title='bbox 1312 4302 1349 4346; x_wconf 83' lang='lat' dir='ltr'>ex</span> <span class='ocrx_word' id='word_1_412' title='bbox 1363 4285 1426 4364; x_wconf 91' lang='grc' dir='ltr'><strong>ΟΒ,</strong></span> <span class='ocrx_word' id='word_1_413' title='bbox 1451 4287 1506 4349; x_wconf 92' lang='grc' dir='ltr'><strong>ΒΕ</strong></span> <span class='ocrx_word' id='word_1_414' title='bbox 1530 4291 1561 4350; x_wconf 91' lang='lat' dir='ltr'>ln</span> <span class='ocrx_word' id='word_1_415' title='bbox 1587 4306 1659 4350; x_wconf 88' lang='lat' dir='ltr'>mar·</span> <span class='ocrx_word' id='word_1_416' title='bbox 1696 4269 1697 4278; x_wconf 8' lang='grc' dir='ltr'>ἵ</span> 
     </span>
     <span class='ocr_line' id='line_1_44' title="bbox 305 4362 979 4442; baseline 0.009 -20"><span class='ocrx_word' id='word_1_417' title='bbox 305 4366 373 4442; x_wconf 91' lang='lat' dir='ltr'>gine</span> <span class='ocrx_word' id='word_1_418' title='bbox 396 4362 483 4423; x_wconf 81' lang='lat' dir='ltr'>datur</span> <span class='ocrx_word' id='word_1_419' title='bbox 507 4365 564 4438; x_wconf 89' lang='grc' dir='ltr'>ΟΕ,</span> <span class='ocrx_word' id='word_1_420' title='bbox 589 4367 832 4442; x_wconf 89' lang='lat' dir='ltr'>complementum</span> <span class='ocrx_word' id='word_1_421' title='bbox 855 4369 892 4427; x_wconf 87' lang='lat' dir='ltr'>ad</span> <span class='ocrx_word' id='word_1_422' title='bbox 917 4370 979 4429; x_wconf 87' lang='grc' dir='ltr'>ΟΑ.</span> 
     </span>
    </p>
   </div>
   <div class='ocr_carea' id='block_1_14' title="bbox 309 4453 1656 4616">
    <p class='ocr_par' dir='ltr' id='par_1_28' title="bbox 309 4453 1656 4616">
     <span class='ocr_line' id='line_1_45' title="bbox 413 4453 1656 4544; baseline 0.01 -32"><span class='ocrx_word' id='word_1_423' title='bbox 413 4453 465 4528; x_wconf 83' lang='lat'>12)</span> <span class='ocrx_word' id='word_1_424' title='bbox 491 4453 582 4512; x_wconf 90' lang='lat' dir='ltr'>Detur</span> <span class='ocrx_word' id='word_1_425' title='bbox 606 4454 667 4526; x_wconf 82' lang='grc' dir='ltr'><strong>ΒΑ,</strong></span> <span class='ocrx_word' id='word_1_426' title='bbox 691 4455 778 4526; x_wconf 78' lang='lat' dir='ltr'>BOA,</span> <span class='ocrx_word' id='word_1_427' title='bbox 801 4465 958 4532; x_wconf 84' lang='lat' dir='ltr'>quaeratur</span> <span class='ocrx_word' id='word_1_428' title='bbox 982 4456 1042 4518; x_wconf 85' lang='grc' dir='ltr'>ΑΟ.</span> <span class='ocrx_word' id='word_1_429' title='bbox 1087 4459 1165 4537; x_wconf 85' lang='lat' dir='ltr'>Ergo</span> <span class='ocrx_word' id='word_1_430' title='bbox 1188 4461 1217 4519; x_wconf 94' lang='lat' dir='ltr'>lu</span> <span class='ocrx_word' id='word_1_431' title='bbox 1243 4457 1316 4519; x_wconf 86' lang='grc' dir='ltr'>ΑΗΙ</span> <span class='ocrx_word' id='word_1_432' title='bbox 1338 4478 1375 4522; x_wconf 86' lang='lat' dir='ltr'>ex</span> <span class='ocrx_word' id='word_1_433' title='bbox 1400 4463 1460 4541; x_wconf 90' lang='grc' dir='ltr'>ΑΙ,</span> <span class='ocrx_word' id='word_1_434' title='bbox 1484 4463 1532 4525; x_wconf 89' lang='grc' dir='ltr'>ΙΗ</span> <span class='ocrx_word' id='word_1_435' title='bbox 1554 4480 1656 4544; x_wconf 82' lang='lat' dir='ltr'>quaere</span> 
     </span>
     <span class='ocr_line' id='line_1_46' title="bbox 309 4539 994 4616; baseline 0.012 -18"><span class='ocrx_word' id='word_1_436' title='bbox 309 4540 338 4598; x_wconf 86' lang='lat' dir='ltr'>ln</span> <span class='ocrx_word' id='word_1_437' title='bbox 362 4543 493 4615; x_wconf 83' lang='lat' dir='ltr'>margine</span> <span class='ocrx_word' id='word_1_438' title='bbox 515 4539 582 4615; x_wconf 89' lang='grc' dir='ltr'>ΗΑ,</span> <span class='ocrx_word' id='word_1_439' title='bbox 606 4542 849 4616; x_wconf 84' lang='lat' dir='ltr'>complementum</span> <span class='ocrx_word' id='word_1_440' title='bbox 872 4542 911 4604; x_wconf 89' lang='lat' dir='ltr'>etl</span> <span class='ocrx_word' id='word_1_441' title='bbox 933 4545 994 4606; x_wconf 84' lang='lat' dir='ltr'>CA.</span> 
     </span>
    </p>
   </div>
   <div class='ocr_carea' id='block_1_15' title="bbox 412 4627 864 4705">
    <p class='ocr_par' dir='ltr' id='par_1_29' title="bbox 412 4627 864 4705">
     <span class='ocr_line' id='line_1_47' title="bbox 412 4627 864 4705; baseline 0.011 -17"><span class='ocrx_word' id='word_1_442' title='bbox 412 4627 505 4689; x_wconf 89' lang='lat' dir='ltr'>Detur</span> <span class='ocrx_word' id='word_1_443' title='bbox 528 4629 587 4704; x_wconf 85' lang='grc' dir='ltr'><strong>ΒΟ,</strong></span> <span class='ocrx_word' id='word_1_444' title='bbox 611 4629 689 4688; x_wconf 90' lang='grc' dir='ltr'><strong>ΒΑΟ</strong></span> <span class='ocrx_word' id='word_1_445' title='bbox 712 4634 764 4704; x_wconf 89' lang='lat' dir='ltr'>(nil</span> <span class='ocrx_word' id='word_1_446' title='bbox 782 4635 864 4705; x_wconf 72' lang='lat' dir='ltr'>sep).</span> 
     </span>
    </p>
   </div>
   <div class='ocr_carea' id='block_1_16' title="bbox 882 4837 1085 4856">
    <p class='ocr_par' dir='ltr' id='par_1_30' title="bbox 882 4837 1085 4856">
     <span class='ocr_line' id='line_1_48' title="bbox 882 4837 1085 4856; baseline 0 -2"><span class='ocrx_word' id='word_1_447' title='bbox 882 4837 1085 4856; x_wconf 52' lang='lat' dir='ltr'>find-nn*</span> 
     </span>
    </p>
   </div>
   <div class='ocr_carea' id='block_1_17' title="bbox 0 0 1704 5426">
    <p class='ocr_par' dir='ltr' id='par_1_31' title="bbox 0 0 1704 5426">
     <span class='ocr_line' id='line_1_49' title="bbox 0 0 1704 5426; baseline 0 1"><span class='ocrx_word' id='word_1_448' title='bbox 0 0 1704 5426; x_wconf 95' lang='lat' dir='ltr'> </span> 
     </span>
    </p>
   </div>
  </div>
 </body>
</html>
