3478 5424
420 1749 679 1928 inpendit
725 1749 1099 1926 lcogrnpntn,

306 2036 409 2113 een
445 2017 657 2135 marin
692 2009 1212 2136 Selenographiea.

15 2343 17 2350 Α
107 2225 176 2302 Ad
211 2227 406 2310 admodum
442 2237 706 2315 Reuerertdum
740 2235 785 2312 Ρ.
813 2235 976 2312 Paulum
1004 2231 1147 2310 Guidirt
1157 2287 1187 2324 ,.
1207 2230 1410 2310 societater

15 2703 18 2774 l

389 2415 395 2424 -
497 2359 535 2436 J
539 2386 620 2436 eeu
646 2359 918 2456 Presbyterum
943 2366 1011 2434 etc.

680 2563 837 2578 m

187 2681 371 2746 Venerabilis
395 2695 425 2748 ei
447 2685 612 2751 doctissime
637 2689 698 2766 Vir,
720 2689 831 2750 Panion
853 2683 991 2746 uolente.
1020 2683 1079 2746 Vix
1101 2690 1147 2744 cet
1168 2685 1333 2760 quiequam,
1358 2699 1434 2761 quo·

81 2783 144 2827 cnm
169 2785 227 2846 ego
258 2771 315 2832 hoc
344 2781 473 2853 tempore
504 2793 602 2838 eorem
632 2777 671 2837 de
690 2776 795 2838 etudiie
823 2773 1025 2834 astronomicis
1053 2771 1133 2848 loqui
1161 2770 1314 2846 mavelim,
1345 2789 1433 2849 quem

16 2857 18 2952 J
81 2863 194 2930 tecum,
227 2861 252 2917 el
280 2871 394 2937 practer
422 2863 510 2940 hujus
541 2863 679 2942 colloquii
707 2862 920 2942 jucundltntem
951 2859 1072 2937 aliquod
1100 2861 1217 2936 insuper
1245 2861 1354 2920 itineris
1377 2861 1433 2920 mei

16 2971 18 3034 3
80 2946 210 3018 pretium
239 2945 296 3008 boc
326 2951 494 3011 turbulento
517 2959 664 3030 tempore,
696 2969 756 3029 quo
778 2959 841 3012 tota
864 2949 934 3009 aula
962 2947 1076 3008 bellicis
1099 2950 1175 3007 curta
1198 2955 1243 3007 ert
1265 2950 1432 3022 exercitata,

16 3057 18 3106 :
80 3039 246 3107 appareret.
292 3032 358 3111 Quo
381 3041 491 3114 gratior
513 3039 584 3100 mihi
611 3039 719 3100 accidit
745 3039 882 3099 salutatio
910 3037 963 3096 abe
986 3034 1021 3094 R
1045 3033 1142 3120 Defl'.
1176 3034 1246 3093 mihi
1276 3033 1353 3096 dicta
1382 3051 1433 3112 per

16 3123 24 3166 '-
79 3119 124 3177 eni
148 3119 261 3181 ordinia
283 3122 425 3197 hominen,
449 3129 498 3203 qui
521 3127 570 3188 bic
591 3135 667 3187 runt.
698 3127 835 3204 Inprimis
856 3125 892 3184 P.
909 3125 1023 3183 Zuccne
1046 3137 1150 3181 monne
1173 3138 1258 3181 cuum
1280 3131 1434 3200 praesten-

16 3195 20 3272 ἶ
79 3205 238 3287 tieeimum,
261 3212 459 3288 perepicillum
482 3214 562 3290 dico,
586 3232 644 3274 non
666 3215 716 3275 aiii
740 3215 836 3292 potnit
858 3213 1050 3284 committere,
1074 3209 1157 3286 eujm
1180 3210 1249 3268 mibi
1272 3213 1381 3286 gratior
1403 3212 1433 3268 in

16 3307 18 3378 J
79 3289 188 3354 bacre
212 3299 378 3374 strepere,
409 3319 497 3378 quam
525 3310 585 3364 tue.
632 3305 741 3379 Aquo
763 3304 857 3378 primo
887 3317 952 3359 cnm
980 3297 1111 3371 audiam,
1144 3296 1301 3356 clinodium
1324 3297 1380 3358 hoc
1403 3299 1432 3356 in

79 3397 176 3440 meam
200 3387 324 3446 traneirc
347 3393 562 3466 proprietatem,
586 3391 679 3467 primo
703 3391 791 3450 etiam
813 3388 867 3448 tibi
889 3387 1012 3447 fructum
1032 3385 1159 3462 aliquem
1183 3383 1343 3461 voluptatis
1366 3383 1433 3446 lite·

16 3491 19 3570 ᾗ
79 3470 175 3530 rariae
199 3475 416 3548 propinandum
439 3493 554 3551 censeo,
579 3479 616 3538 ab
640 3478 818 3555 experientia
841 3475 928 3551 lnuJun
951 3472 1021 3533 doni
1043 3475 1173 3550 petitum.

184 3557 262 3618 Nam
286 3560 357 3638 quid
380 3580 435 3640 ego
457 3580 516 3624 non
540 3562 659 3625 dicam?
699 3565 746 3624 Ad
770 3563 878 3642 oppida
900 3563 1014 3621 lunaria
1036 3564 1061 3620 ei
1083 3568 1207 3620 mentem
1234 3560 1351 3632 afferas,
1378 3561 1433 3620 tibi

16 3667 19 3734 3
78 3659 124 3702 me
147 3644 249 3705 ridere
265 3651 461 3727 comprobabo
476 3647 508 3730 ¹).
547 3651 697 3712 Caritaten
713 3652 781 3712 illae
804 3651 936 3723 limares,
959 3647 1129 3709 eGnlilaeo
1151 3649 1277 3724 primum
1298 3647 1433 3708 animad-

17 3781 20 3816 r
77 3747 198 3808 verene,
222 3736 355 3796 maculae
377 3741 561 3815 potissimum
583 3734 798 3821 insigniunt),
828 3738 885 3797 boc
906 3745 965 3806 cet,
989 3745 1022 3796 ut
1043 3753 1098 3812 ego
1122 3734 1306 3809 demonstro,
1334 3745 1432 3813 parter

17 3823 20 3888 t
79 3816 237 3895 deprecere
260 3825 289 3881 in
314 3824 461 3901 quandam
484 3829 620 3904 aequone
642 3826 806 3905 plenitiem¹
838 3827 879 3883 ntl
908 3831 977 3883 eunt
998 3839 1088 3901 penes
1116 3839 1169 3882 nor
1192 3820 1329 3901 narrat).
1375 3821 1433 3884 Sed

17 3965 19 3990 ξ
80 3921 115 3965 ex
139 3909 208 3984 ipaa
231 3912 391 3972 caritatem
413 3913 587 3991 figuratione
610 3911 770 3992 colligo⁴),
799 3913 866 3972 loca
893 3913 992 3989 potine
1016 3927 1081 3971 eene
1103 3904 1290 3994 patuerint).
1336 3909 1434 3987 Atque

17 4023 18 4026 =
78 3994 108 4051 in
131 3997 170 4054 iie
195 3996 422 4075 endymionidae
452 4001 548 4062 colent
575 4005 676 4063 meteri
707 4003 804 4078 epatia
832 4015 950 4059 cnorum
979 3997 1151 4076 oppidorum
1160 3993 1187 4072 6)
1218 4001 1263 4058 cni
1287 3998 1434 4058 muniendi

17 4087 19 4118 ²
77 4077 207 4162 ernest)
229 4092 290 4144 tam
313 4095 414 4148 eontra
435 4089 585 4150 humorem
609 4083 821 4164 mneoonnm⁸)‚
853 4105 941 4164 quam
965 4095 1064 4146 contra
1079 4084 1156 4146 Solis
1178 4081 1337 4165 arderent),
1360 4087 1435 4147 torte

17 4177 19 4252 g
77 4171 169 4230 etiam
194 4181 295 4233 contra
318 4173 417 4237 horren
427 4171 474 4256 ¹⁰).
519 4177 607 4238 Retio
629 4179 799 4238 munitionis
821 4185 866 4236 eet
893 4173 981 4236 baec:
1002 4173 1102 4251 palum
1130 4171 1262 4250 deligent
1283 4175 1312 4231 in
1335 4183 1434 4233 centro

17 4261 19 4294 l
77 4259 168 4333 spatii
199 4257 415 4342 muniendi¹')‚
446 4265 484 4324 ab
507 4264 564 4325 boc
585 4263 654 4344 palo
682 4273 801 4326 nectunt
826 4255 1038 4344 sunicnloe¹²),
1069 4277 1121 4338 pro
1152 4263 1316 4337 capacitate
1346 4261 1434 4321 futuri

17 4383 18 4388 η
77 4341 180 4422 oppidi
203 4345 309 4424 longor
332 4367 369 4410 en
393 4347 567 4435 brevee¹³),
599 4351 801 4429 longissimum
832 4347 1007 4427 deprehendi
1037 4347 1166 4425 quinque
1188 4349 1344 4410 miliarium
1365 4365 1433 4424 ger-

17 4465 19 4518 l
77 4431 328 4560 menlcornm¹⁴2.
381 4437 454 4498 Cum
482 4439 539 4501 boc
569 4441 612 4500 eie
640 4436 735 4500 deflxo
764 4439 892 4500 iunicnlo
923 4437 961 4497 ad
992 4437 1252 4496 circumferentiam
1281 4441 1434 4494 excurrunt

17 4535 20 4562 t
76 4518 168 4578 lutari
192 4521 264 4582 valli
280 4518 325 4604 ¹),
350 4542 437 4602 quem
459 4527 532 4587 fines
554 4525 710 4604 designant
723 4525 923 4600 ,funiculorum
936 4519 985 4601 16).
1016 4521 1099 4584 Tunc
1120 4521 1434 4602 recrementum

17 4615 21 4720 l

18 4783 20 4860 n

77 4607 258 4682 egerendum
287 4608 459 4692 coennt¹⁷)‚
499 4616 595 4674 leenae
626 4614 751 4675 latitudo
782 4630 840 4674 non
869 4616 963 4672 minor
991 4628 1049 4670 nno
1077 4609 1181 4670 miliari
1210 4612 1375 4686 germanico
1388 4605 1433 4689 18),

18 4745 20 4772 s
75 4697 233 4758 materiem
256 4695 435 4782 egestemffl)
462 4703 491 4759 in
515 4701 581 4762 aliie
609 4702 724 4780 oppidis
754 4719 867 4762 omnem
895 4701 1051 4760 introrsum
1078 4693 1284 4778 recipiunt⁹⁰)3
1315 4699 1344 4755 in
1367 4697 1434 4756 aliie

76 4785 188 4858 partim
210 4793 374 4848 extrorsum
396 4799 534 4865 egerunt,
561 4793 666 4867 partlm
690 4791 844 4850 introrsum
855 4785 911 4864 ¹²¹),
943 4795 977 4848 nt
998 4789 1039 4846 ltn
1062 4785 1169 4863 duplex
1191 4783 1243 4843 ilat
1266 4780 1434 4864 vallnm²²),

18 4871 20 4940 ἒ
75 4869 253 4935 intermedia
273 4873 356 4938 foena
376 4873 664 4958 protunducima²⁸).
711 4875 800 4938 Valla
822 4875 939 4954 ringula
959 4875 989 4933 in
1012 4889 1045 4936 ee
1066 4871 1196 4946 redeunt,
1220 4873 1302 4934 relnt
1323 4872 1362 4933 ad
1376 4875 1433 4936 cir-

18 4955 22 5014 l

1184 4971 1224 5030 5*
