3436 5416
393 4823 402 4864 b
441 4839 445 4848 .

847 1899 1159 2040 ELEGIA

639 2141 683 2213 IN
711 2141 869 2216 OBITUM
895 2141 935 2215 D.
963 2141 1177 2216 TYCHONIS
1205 2139 1365 2214 BRAHE.

928 2344 1085 2354 ..—

536 2467 582 2526 Tu
605 2483 722 2544 quoque
744 2465 873 2528 funebria
896 2485 963 2548 para
986 2467 1065 2528 hand
1087 2468 1237 2544 incognita
1259 2483 1384 2546 pompae

623 2554 783 2632 Apponitoa
805 2554 942 2634 lacrymis
964 2555 1052 2617 luade
1075 2555 1178 2633 Elegia
1199 2555 1313 2616 modos.

533 2643 701 2719 ¹Terrigcnic
724 2641 828 2702 animia
851 2645 947 2721 potuit
969 2647 1020 2720 qui
1042 2644 1146 2704 cistere
1168 2643 1261 2718 coelo,

623 2729 814 2806 Terrigeuum
837 2731 950 2790 tumulo
974 2731 1106 2792 conditur
1130 2748 1197 2792 ecce
1219 2747 1317 2791 mann.

535 2819 737 2894 assuetosque
761 2817 862 2879 oculos
885 2819 1041 2880 coelestem
1064 2818 1191 2896 pandere
1213 2817 1307 2880 lucem

622 2906 702 2964 Fusa
724 2921 813 2983 anper
834 2907 961 2966 tenebris
984 2905 1086 2966 invida
1108 2905 1219 2966 clandit
1239 2905 1355 2967 liumus.

536 2992 672 3055 Gratuler
694 2994 863 3068 ambiguum
887 3001 939 3068 eat,
963 3011 1000 3053 an
1023 2993 1120 3054 laxem
1141 2993 1242 3053 fraena
1265 2993 1381 3054 doloril

621 3081 699 3139 Dum
722 3080 854 3154 meditor,
878 3081 1021 3160 lacrymas
1044 3089 1167 3157 utraque
1190 3098 1282 3142 causa
1302 3083 1368 3143 ciet.

535 3167 640 3230 Infelix
653 3163 765 3228 ‘mundi
786 3167 914 3244 soboles,
937 3169 1025 3229 homo
1049 3167 1147 3229 dedite
1169 3169 1287 3243 mundo,

622 3257 645 3315 Ε
669 3255 776 3316 mundo
799 3256 943 3333 reliquum
966 3255 1037 3332 qnid
1059 3255 1114 3316 tibi
1135 3255 1229 3316 Parca
1250 3257 1337 3332 lacit,

536 3342 660 3422 Quando
684 3346 771 3404 etiam
795 3342 888 3404 lethea
911 3344 1056 3421 'capientia
1077 3345 1215 3420 mergitur
1238 3343 1332 3419 undis,

622 3431 804 3507 Divinaaqne
827 3433 916 3492 animi
938 3448 1016 3491 mors
1038 3429 1196 3510 populatur
1217 3448 1304 3511 opea;

535 3519 596 3582 Nec
616 3520 677 3595 jam
699 3517 824 3579 cideriac
847 3519 984 3596 frigentia
1006 3525 1125 3598 pectora
1147 3535 1234 3579 curae
1314 3583 1317 3588 ,

620 3602 797 3666 Demuloent
819 3605 913 3666 solitis
936 3609 999 3665 vila
1021 3608 1148 3666 abeunte
1171 3605 1275 3666 modic.
1363 3619 1367 3628 ·

534 3695 566 3756 Si
588 3711 656 3775 para
679 3701 724 3754 est
745 3692 870 3754 hominis
893 3693 997 3754 melior
1017 3709 1099 3753 mena
1123 3693 1201 3754 edita
1224 3693 1322 3772 coelic,

621 3781 701 3840 Vilia
723 3783 747 3839 ai
770 3788 864 3841 torrae
887 3780 1016 3860 pondera
1039 3797 1143 3859 corpua
1165 3779 1263 3856 haber,

537 3871 569 3932 Si
590 3870 696 3950 probat
718 3870 781 3945 ipae
804 3867 886 3929 Deua
909 3867 1053 3947 pecudum
1077 3875 1260 3929 contemnere
1283 3871 1383 3944 vitam,

620 3957 748 4031 Pinguia
770 3971 828 4014 non
851 3957 946 4016 veniri
969 3953 1054 4016 thura
1077 3955 1194 4017 adolere
1218 3957 1292 4032 Deo,

535 4043 592 4106 Sed
614 4059 772 4102 memorem
795 4059 859 4104 ecre
882 4046 936 4116 aui,
961 4043 1128 4119 celeresque
1151 4050 1266 4121 patrare
1288 4061 1340 4123 per
1362 4061 1456 4104 annot

525 4183 528 4188 Α
622 4131 750 4205 Dignum
775 4129 894 4206 aliquod
916 4137 999 4192 taum
1021 4130 1174 4192 nobilitate
1197 4131 1300 4207 decus,
1348 4169 1352 4181 ·

536 4217 567 4278 Si
589 4219 687 4296 potior
707 4219 822 4290 mentia,
845 4234 933 4294 quam
956 4219 1084 4296 corporis
1106 4216 1168 4278 ulla
1189 4219 1336 4298 voluptas,

621 4302 773 4363 Pulchrior
795 4303 873 4365 illinc
896 4306 921 4364 ei
942 4305 1103 4381 meliorque
1126 4304 1217 4378 labor,

537 4393 568 4454 Si
591 4393 702 4471 patriae
724 4393 821 4450 animo
844 4399 974 4470 praestat
996 4392 1146 4452 decurrere
1169 4392 1253 4453 aeder

624 4478 663 4536 Et
683 4476 800 4538 laudem
824 4482 950 4538 auctoris
972 4496 1197 4540 commemorare
1220 4480 1290 4541 Dei:

536 4566 708 4627 Debuerant
730 4563 864 4639 equidem
887 4565 1024 4642 pulchrae
1047 4565 1197 4626 molimina
1219 4571 1323 4629 mentia

625 4649 748 4712 Occidni
769 4652 829 4711 lato
853 4655 981 4729 corporis
1005 4669 1068 4714 cere
1091 4671 1187 4732 super.

537 4741 621 4800 Nunc
643 4737 736 4799 veluti
758 4740 848 4815 nigris
871 4739 985 4813 fulgens
1006 4742 1036 4799 in
1058 4741 1185 4800 nubibus
1207 4757 1300 4816 arone,

622 4825 687 4886 Hae
708 4827 796 4886 eimul
819 4843 854 4888 ac
878 4829 958 4890 renti
980 4826 1151 4904 dicaolucre,
1174 4829 1258 4906 perit,
