3436 5416
402 391 435 448 u
452 391 565 448 niumm
582 389 722 480 rustecus
739 345 775 446 aa
790 389 874 449 usuc
890 389 919 446 n
937 387 1009 445 orsa
1026 369 1133 458 umesss
1258 441 1261 448 ,
1377 371 1442 455 119

91 572 187 644 potins
204 568 363 637 intensiore,
380 572 412 624 ιι
428 565 500 624 solet
515 581 603 633 mane,
621 582 651 624 se
664 565 781 625 dilatant
793 581 881 637 eaque
893 563 1052 622 dilatatione
1063 562 1196 626 tolluntur
1208 565 1237 622 in
1248 553 1343 624 asum
1373 563 1446 635 Quin

90 651 178 724 igitur
194 659 223 708 ct
239 651 336 708 Lunae
352 649 519 706 inmensura
535 649 608 706 idern
626 653 675 704 aer
690 647 840 718 percipiat?

200 733 242 800 92
259 731 351 786 Locus
374 735 466 784 ιιιιιι
488 729 541 783 iate
566 726 741 784 nihilominus
759 725 975 784 consideratione
1000 725 1097 794 diguus
1119 723 1211 780 estin
1228 716 1445 796 meteorologicis

91 816 122 868 et
140 809 299 879 astrologia,
315 823 351 863 au
369 806 449 862 Luna
467 807 493 864 ui
511 805 632 875 corporis
650 805 740 875 insita,
759 805 784 862 si
800 823 858 863 uon
874 807 935 876 ipsa
952 803 1106 860 immediate
1123 802 1269 874 humectat,
1287 807 1363 874 quod
1379 807 1444 862 hac·

89 897 175 946 tenus
194 887 304 959 negaui,
330 893 451 942 ettennon
475 885 568 942 radios
587 885 658 941 Solis
676 886 705 940 iu
723 899 753 940 se
768 892 894 956 receptos
912 884 1022 950 alteret,
1049 890 1080 940 ut
1096 883 1116 940 ii
1133 897 1150 937 a
1167 882 1247 938 Luna
1270 883 1398 956 deinceps
1415 888 1444 942 in

90 973 209 1028 Terram
226 965 366 1038 prorogati
388 965 446 1034 iam
463 965 627 1022 humectent
663 964 734 1020 Nam
752 963 779 1018 in
798 964 938 1035 principiis
960 959 1125 1034 astrologiae
1148 960 1308 1019 sardonius
1326 964 1378 1020 hoc
1396 965 1444 1022 ad·

88 1049 193 1119 scripsi
209 1062 266 1102 non
283 1043 390 1112 corpori
407 1045 502 1100 Lunae
519 1045 547 1099 in
565 1044 670 1114 specie,
696 1043 745 1100 sed
763 1043 904 1100 reflexioni
920 1043 974 1112 ipsi
990 1059 1007 1098 a
1026 1056 1189 1111 quocunque
1212 1040 1302 1112 giobo.
1332 1043 1444 1100 Etenim

88 1129 147 1199 Ep.
164 1128 240 1184 Διιι.
264 1123 310 1180 lib.
329 1122 377 1179 IV.
404 1124 432 1178 in
459 1121 633 1191 indagatione
655 1138 799 1180 musarum
824 1121 988 1178 naturalium
1010 1128 1100 1176 motus
1126 1120 1251 1176 eoelestis
1276 1120 1444 1190 deprehendi

87 1206 247 1274 manifeste,
266 1202 394 1260 distincta
411 1217 472 1258 esse
484 1201 577 1256 munia
596 1199 755 1272 effluxuum,
774 1202 895 1272 cumeris
907 1199 1058 1269 illuminati,
1076 1205 1107 1255 ut
1118 1212 1227 1269 corpus,
1245 1198 1303 1257 suis
1315 1203 1444 1270 potentiis

89 1283 266 1344 naturalibus
283 1281 454 1351 instructum,
474 1279 574 1350 atejus
591 1281 708 1350 luminis,
728 1297 777 1339 seu
789 1279 911 1351 ejusdem
928 1281 1058 1352 nemoris,
1077 1285 1109 1336 ut
1125 1280 1312 1336 illuminatum.
1344 1281 1397 1338 Sed
1410 1283 1444 1340 de

87 1367 137 1424 his
155 1365 237 1436 plura
253 1363 282 1418 in
299 1361 525 1432 meteorologicis.

199 1442 241 1500 93.
258 1441 310 1497 Hic
327 1439 448 1512 plantam
472 1440 590 1510 aliquane
608 1437 874 1509 subintelligendam,
898 1453 970 1509 quae
987 1438 1082 1494 usibus
1103 1436 1230 1492 humanit
1251 1438 1319 1495 mise
1337 1439 1444 1512 ιιιιιιι,

90 1520 286 1582 antecedentia
303 1525 331 1574 ct
348 1519 490 1589 sequentia
508 1525 654 1576 testamur.
686 1513 759 1584 Ἀμμι
775 1516 846 1574 torte
864 1517 1040 1583 Dioscuridis,
1059 1515 1138 1584 errius
1156 1531 1257 1587 semen,
1277 1518 1384 1575 cumino
1395 1519 1444 1576 mi.
1509 1509 1512 1519 '

87 1618 160 1660 nus:
179 1600 261 1671 qnod,
279 1599 309 1654 ni
326 1594 415 1670 fallor,
432 1597 559 1674 Sileeitae
577 1599 688 1656 Karben
707 1615 756 1656 suo
774 1598 902 1656 idiomate
919 1599 1090 1669 eppelhtaut.

166 1743 168 1745 ,
200 1683 243 1738 st.
262 1681 333 1736 iiiuc
350 1695 402 1748 ego
418 1680 500 1750 plane
517 1683 546 1737 in
564 1682 699 1739 disemum
716 1680 784 1738 abeo
802 1681 829 1737 in
848 1681 967 1737 Somnio.
1004 1679 1111 1750 Quippe
1128 1676 1202 1734 aliud
1220 1675 1331 1734 credere
1345 1677 1445 1748 jubent
1526 1647 1528 1650 Ι
1583 1669 1585 1678 ’
1623 1641 1627 1650 ⁸
1662 1649 1715 1762 ''¹1''

87 1777 179 1833 opera
196 1759 374 1816 leuicolarum
396 1761 530 1830 ingentia,
556 1776 626 1832 quae
647 1759 708 1817 uide
730 1759 758 1814 in
780 1761 930 1832 appendice
949 1758 1058 1816 somnii
1095 1756 1197 1814 Prema
1223 1761 1314 1812 ιιιιιι
1341 1757 1444 1816 stoicos

87 1841 195 1896 acriter
212 1839 269 1895 suis
285 1839 407 1909 ipsorum
426 1838 608 1912 dogmatibus.

199 1919 242 1974 95.
261 1918 350 1975 cansa
366 1918 502 1988 domatis
518 1916 654 1986 imperitia
671 1916 802 1987 vulgaria
826 1915 899 1988 quod
918 1932 979 1972 cuns
996 1914 1136 1970 rideamne
1154 1912 1244 1968 radies
1262 1928 1296 1968 ex
1314 1912 1377 1971 Sole
1394 1931 1445 1986 per
1560 1899 1561 1902 ¹
1668 1903 1715 2014 ’,ζ

87 1997 186 2052 hiatus
204 1995 316 2052 nubium
333 1997 362 2052 in
380 1997 491 2054 Terram
510 1996 651 2065 demissos,
665 1995 772 2065 iactare
784 1996 880 2064 uulgus
894 1993 973 2063 solet,
992 1994 1083 2050 Solem
1095 1990 1233 2048 attrahere
1245 2007 1339 2062 aquas,
1357 1995 1445 2051 nerui

2 2135 3 2138 ,
87 2075 213 2146 quidem,
232 2074 267 2130 ad
284 2073 441 2148 pluendum,
460 2077 540 2134 stoici
556 2091 630 2147 rero,
649 2075 685 2132 ad
701 2073 857 2132 bibendum.
888 2074 973 2143 Atqui
991 2088 1046 2130 non
1065 2071 1128 2142 qnia
1146 2069 1192 2125 Sol
1209 2070 1271 2128 illos
1287 2072 1379 2129 radios
1397 2088 1445 2130 ex·
1680 2105 1710 2158 κ,

85 2153 185 2223 plicat,
204 2153 267 2209 ideo
285 2151 375 2222 pluet,
398 2155 447 2212 sed
465 2156 529 2226 qnia
543 2155 601 2224 iam
619 2161 700 2210 antea
717 2158 766 2208 aer
784 2161 826 2210 est
844 2153 1009 2222 rorulentae,
1027 2150 1090 2207 ideo
1107 2149 1177 2204 radii
1195 2147 1267 2206 Solis
1285 2166 1334 2220 per
1351 2151 1443 2209 hiatus
1540 2193 1541 2200 ι
1635 2155 1715 2222 '',

85 2232 205 2288 nubium
229 2239 402 2302 erumpentes
424 2240 538 2302 mboque
560 2240 652 2290 tractu
675 2231 816 2288 rectilineo
839 2233 868 2288 in
886 2233 1007 2302 guttulas
1029 2229 1099 2288 roris
1122 2230 1246 2288 minimas
1263 2228 1444 2301 impingentes

86 2311 163 2368 fiunt
180 2311 329 2382 conspicui,
347 2329 404 2369 nou
422 2327 502 2369 secus
520 2329 552 2370 eo
570 2313 598 2368 in
617 2327 725 2368 camera
743 2311 894 2379 tenebrosa,
914 2328 977 2368 cum
993 2309 1074 2366 iidem
1090 2313 1168 2384 redii,
1186 2307 1342 2385 pessimam
1359 2308 1444 2366 inun-

86 2392 177 2460 miesi,
195 2391 364 2464 pulvisculus
382 2395 411 2449 in
428 2401 491 2452 atre
508 2409 633 2452 camerae
650 2394 795 2451 volitantes
813 2393 953 2450 irradiant.

198 2472 253 2530 Sed
270 2471 448 2544 suppeditent
469 2474 522 2531 hae
539 2475 631 2543 virgae
655 2473 826 2530 renchonem
840 2473 1000 2544 jucundans.
1036 2468 1191 2526 Αιιιοιοιιι
1209 2469 1315 2538 dicunt,
1342 2467 1443 2526 distau-
1621 2465 1626 2554 Ἰ
1673 2457 1715 2566 ¹³23

86 2553 159 2606 tiam
182 2551 256 2607 Solis
278 2567 339 2608 esee
361 2551 482 2608 infinitae
506 2551 631 2610 similem.
665 2551 703 2608 Δι
727 2550 790 2606 illae
806 2551 912 2621 virgae,
935 2549 1052 2620 sparsim
1076 2553 1207 2605 exeuntes
1224 2562 1240 2603 e
1257 2547 1330 2602 nubs
1353 2547 1443 2604 Solem

87 2637 212 2700 tegente,
230 2630 255 2686 si
273 2631 466 2688 conducentur
476 2629 518 2702 ,co
536 2645 712 2696 concursum,
729 2631 757 2684 in
776 2645 808 2685 eo
826 2628 916 2686 iocum
934 2629 1005 2686 Solis
1021 2633 1086 2698 post
1102 2626 1201 2683 nubem
1218 2624 1352 2681 latitantis
1369 2642 1444 2683 mon·
1520 2619 1522 2626 '

87 2716 182 2764 suant
199 2708 357 2764 certissima.
394 2709 455 2766 Hoc
473 2724 536 2765 rere
555 2709 649 2779 nequit
666 2708 733 2778 lieri,
751 2707 805 2762 nisi
820 2707 849 2764 in
867 2724 908 2778 eo,
926 2706 999 2778 quod
1017 2706 1199 2776 propinquum
1216 2709 1267 2762 est.
1296 2704 1339 2760 lte
1356 2709 1443 2762 astro

2 2853 3 2858 η
86 2788 173 2854 nomi,
190 2787 266 2842 fores
284 2787 389 2855 optines
406 2787 522 2857 pulsate,
539 2793 572 2843 ut
587 2788 791 2858 responsionem
808 2785 885 2842 robis
903 2784 1059 2856 suppeditet
1076 2785 1210 2840 idoneam.

88 2947 96 2960 .
193 2865 241 3002 ἓξ.
261 2864 337 2936 Sylla
353 2865 489 2936 hospitem
515 2865 561 2923 hic
584 2882 663 2922 sunm
687 2866 836 2924 introducit
856 2883 917 2922 cum
939 2864 1095 2922 ιιιιιιίοιι
1116 2860 1297 2934 geographica
1318 2863 1354 2920 de
1376 2865 1443 2922 orbe

87 2961 202 3016 mcogur
232 2985 240 3001 .

2 3103 3 3106 ’
88 3105 266 3173 navigatione
285 3115 429 3158 ιιιιιιιιι
446 3099 500 3155 luit
517 3116 533 3156 s
550 3102 692 3160 Britannia
708 3103 737 3158 iu
755 3115 881 3158 occasum
899 3101 1041 3168 assurum,
1061 3099 1131 3156 siin
1148 3097 1202 3154 illis
1219 3100 1316 3158 meniis
1333 3103 1443 3160 inuenta

2 3193 3 3196 ’
89 3191 135 3244 eet
155 3185 229 3240 ιιιιι
247 3181 412 3238 continentis
429 3195 543 3249 ιιιςιιι
560 3183 712 3238 contrariae
725 3181 946 3251 Graecorumque
958 3197 1017 3238 eam
1029 3178 1250 3236 inhabitantium:
1267 3180 1332 3248 qnid
1345 3197 1446 3239 caueae

89 3271 145 3334 ert,
164 3280 214 3320 cnr
230 3268 287 3318 tam
305 3259 421 3317 sollicite
438 3258 577 3329 inquirant
594 3260 645 3316 riri
662 3259 744 3332 docti,
762 3277 816 3330 qua
833 3261 878 3316 ria
895 3275 979 3331 genus
996 3259 1145 3316 humanum
1161 3259 1190 3314 in
1207 3258 1394 3316 occidentalee
1400 3262 1444 3316 In·

90 3346 155 3402 dias
172 3341 320 3416 propagari
335 3341 463 3411 potuerit
866 3399 868 3402 ,

2 3419 3 3432 ’
199 3418 403 3477 Dimensionum
421 3416 529 3489 quidem
545 3418 615 3474 ratio
632 3434 686 3474 nou
704 3425 746 3475 est
764 3417 896 3488 exigenda
913 3415 1028 3473 sollicite
1046 3417 1080 3473 ab
1097 3417 1151 3473 hec
1167 3415 1307 3473 Plutarchi
1325 3415 1402 3488 looo;
1420 3417 1445 3476 si

2 3535 3 3538 =
90 3511 188 3561 tamen
206 3498 407 3558 Mauritianiam
425 3498 596 3567 designasset
612 3497 784 3569 ulteriorem,
802 3505 850 3555 aut
867 3495 1007 3554 columnae
1025 3495 1165 3564 Herculis,
1184 3495 1257 3553 unde
1274 3495 1444 3568 solvendum,

2 3583 3 3588 ’
91 3579 280 3649 credidissem,
298 3576 333 3633 dc
349 3576 545 3646 Hesperidibus
563 3581 612 3633 aut
629 3575 708 3632 stiam
727 3577 761 3634 de
778 3576 910 3634 haeribus
927 3575 1004 3630 illum
1020 3575 1102 3646 loqui.
1132 3574 1185 3632 scs
1198 3575 1264 3644 quia
1274 3573 1444 3632 Britanniam

2 3665 3 3668 ’
90 3659 200 3724 statuit,
218 3657 326 3713 omuino
345 3656 379 3712 de
396 3655 516 3712 islandia
534 3652 622 3726 deque
640 3654 819 3725 cheumiectis
837 3653 932 3710 medis
949 3653 1037 3709 trihus
1049 3653 1210 3720 Frislandia,
1226 3653 1321 3724 Icaria
1340 3655 1443 3713 (leoen-

2 3751 3 3754 ’
90 3741 189 3800 landis
207 3737 285 3807 loqui
302 3736 416 3807 ridetur,
435 3742 466 3791 ut
483 3735 520 3792 sit
536 3751 629 3792 earum
646 3750 714 3802 uua,
732 3736 828 3806 ingens
847 3730 1043 3798 Groenlandia,
1061 3729 1229 3799 importuosa
1246 3731 1364 3790 ιοιιιιιι
1380 3740 1446 3792 tuuc

91 3829 122 3878 et
138 3816 238 3890 paucis
255 3815 396 3887 litoribus,
419 3831 470 3887 pro
487 3827 572 3885 parra
588 3813 679 3870 insula
699 3813 819 3884 cognita,
842 3817 893 3866 aut
910 3809 982 3866 lama
999 3808 1058 3864 sola
1075 3807 1192 3866 islandia
1210 3818 1284 3868 nota.
1319 3812 1378 3869 Nec
1396 3813 1444 3870 ob·

91 3907 161 3965 stat,
177 3895 286 3952 Thulen
304 3897 441 3952 veteribus
459 3895 526 3952 setis
543 3891 628 3947 fuisse
646 3892 781 3962 cognitam
799 3898 828 3945 et
845 3887 1020 3944 Plutarchum
1038 3887 1072 3942 de
1089 3903 1124 3943 aa
1140 3903 1195 3944 nou
1214 3903 1275 3946 esse
1292 3889 1444 3961 intelligen-

2 3985 3 4022 2
93 3983 169 4038 dnm.
206 3975 315 4045 Negant
332 3975 403 4030 enim
421 3974 471 4031 riri
488 3973 570 4042 docti,
588 3971 659 4027 hanc
677 3980 797 4027 noemam
816 3967 962 4026 islandiam
979 3973 1178 4024 cresudorum
1195 3967 1311 4039 Thulen,
1329 3968 1379 4024 sed
1397 3976 1445 4025 aut

2 4037 3 4094 ]
92 4054 281 4117 Scetlaudiaus
298 4055 427 4123 iudicant,
446 4061 494 4110 aut
512 4050 718 4108 Tilemarchiam
735 4048 912 4117 Norduregiae
929 4051 1053 4104 usuum
1083 4046 1167 4102 Esset
1183 4045 1266 4114 igitur
1283 4061 1381 4116 magna
1398 4047 1445 4116 illa

93 4136 240 4195 οοιιιιιιι
258 4132 287 4187 in
305 4148 430 4189 occasum
448 4138 564 4196 remota,
591 4127 762 4198 Estetiiand,
788 4133 836 4184 aut
853 4134 927 4184 terra
943 4123 1119 4181 Laboratoris
1138 4131 1166 4182 et
1184 4125 1346 4182 Gortersalis
1363 4125 1445 4183 hodie

2 4219 4 4260 ἶ
92 4218 176 4280 dicta,
194 4219 225 4270 et
242 4212 351 4268 Canada
368 4218 397 4266 et
412 4211 490 4270 Nora
506 4207 631 4276 Francia,
650 4207 764 4278 pelagus
780 4205 849 4264 iilud
866 4204 971 4260 lentum
988 4210 1017 4260 et
1032 4203 1195 4274 paludosum
1213 4204 1318 4274 brevh,
1338 4202 1445 4274 objecta

2 4297 3 4300 ’
90 4295 212 4360 insulae,
229 4292 274 4350 cui
290 4293 376 4348 Terra
391 4291 471 4348 Nova
487 4303 600 4356 nemen,
627 4286 712 4343 Gallis
730 4287 770 4342 he
788 4284 874 4357 grand
890 4283 966 4352 bauo
982 4282 1071 4354 dicta;
1096 4283 1172 4342 sinus
1190 4299 1304 4354 magnus
1320 4283 1367 4340 ille
1383 4283 1444 4354 ipse

94 4369 235 4428 canadam
251 4369 323 4426 inter
340 4377 368 4426 et
384 4368 596 4436 Norumhegam,
620 4367 721 4435 qnippe
743 4381 805 4421 cum
829 4363 897 4418 mari
915 4361 1014 4431 Caspio
1038 4365 1089 4420 suh
1112 4363 1206 4418 aedem
1224 4361 1365 4433 parallelo.
1401 4365 1445 4420 Au

5 4479 8 4486 ·
91 4451 240 4519 ιιιιιιιιιι,
258 4451 346 4506 ιιιιιι
363 4447 449 4519 ipsius
465 4445 657 4516 Norumhsgas
673 4444 917 4501 meridionaiiorem
934 4455 1026 4514 ιιιιιιδ
1038 4440 1075 4497 ad
1088 4441 1257 4513 virginiam?
1284 4441 1375 4496 Etiam
1387 4441 1444 4497 No·

2 4547 3 4596 j
93 4530 254 4598 rumhegam
271 4527 386 4584 abluens
407 4541 481 4582 mue
499 4527 628 4584 scribitur
653 4523 721 4578 adso
739 4522 873 4594 repletum
891 4537 985 4588 mena,
1011 4526 1043 4576 nt
1059 4520 1239 4589 periculosam
1255 4518 1353 4575 reddat
1371 4519 1444 4576 circa

2 4605 3 4614 ’
92 4609 164 4666 haec
181 4607 245 4666 loca
262 4606 468 4676 nauigationem,
490 4605 593 4675 qnippe
609 4617 704 4674 parum
721 4599 893 4671 protundum.
930 4600 958 4656 si
977 4598 1095 4656 Graecos
1111 4597 1159 4654 iiia
1175 4598 1237 4653 loca
1259 4603 1324 4653 tunc
1341 4599 1444 4655 habue-

2 4678 3 4714 ³
94 4693 159 4745 runt
174 4685 294 4755 inulas,
318 4684 421 4754 cogita
444 4698 509 4740 num
527 4698 587 4754 eos,
606 4684 653 4753 qui
676 4681 780 4752 egressi
801 4679 939 4736 columnas
958 4677 1083 4734 Herculis
1104 4676 1306 4745 Norumbegaus
1323 4676 1444 4736 inuenire

2 4775 3 4778 ’
95 4771 254 4838 potuerunt,
273 4765 359 4820 latere
376 4764 496 4834 potuerit
513 4763 588 4819 sinus
605 4762 772 4830 Maricanus,
791 4767 925 4831 perpetua
941 4758 1096 4815 continente
1112 4755 1255 4824 interjecta
1267 4757 1403 4826 sepositus
1415 4765 1444 4814 et

2 4877 3 4930 j
95 4863 221 4906 connexa
244 4845 345 4908 isthmo
361 4842 464 4914 iugeuti
479 4842 604 4906 dueum
624 4839 824 4900 meridionalis?
861 4837 924 4898 Etsi
940 4837 1061 4898 Taranis
1083 4836 1165 4898 etan
1180 4835 1324 4908 degmaeis
1347 4841 1375 4892 et
1394 4837 1443 4898 Oa·

199 3027 243 3082 97.
259 3019 395 3080 Notabilis
411 3022 489 3078 iocus
506 3024 676 3094 geographie.
701 3022 730 3078 Si
744 3021 802 3091 J’am
818 3023 869 3078 snb
882 3020 1001 3078 Adriano
1018 3021 1187 3090 imperatore
1203 3021 1321 3091 quinque
1340 3021 1444 3080 dierum
1562 3023 1563 3026 ’
1616 3021 1617 3024 ’
1669 3017 1715 3120 :g
