3494 5426
591 421 596 432 -
1566 379 1698 414 '

571 449 575 466 '
595 457 861 525 111,Aatrouomr'ot.
1339 461 1404 533 291
1602 431 1707 532 fif,

34 643 70 699 at
91 640 142 700 sic
163 639 253 700 etiam
273 629 446 714 punctorum
469 637 645 712 tropicarum
669 633 725 698 26⁰
740 639 861 698 circiter.
892 637 996 714 ltaque
1017 635 1171 716 longitudo
1191 637 1273 700 illius
1288 644 1402 718 puncti,
1504 651 1522 680 t
1580 605 1714 750 ΞΤ

34 727 68 786 16
94 743 159 804 quo
183 726 252 788 clim
275 725 361 802 polus
383 723 492 798 mundi,
516 725 601 784 luerit
622 724 710 785 hodie
735 721 859 806 66016.
903 724 990 785 Facit
1012 724 1069 786 hoc
1091 732 1232 802 punctum
1254 743 1320 788 cum
1343 728 1403 791 11116

35 813 141 874 stellis
165 815 333 892 trapezium,
358 813 428 889 quia
450 811 524 872 torte
546 810 733 889 Hipparchus
755 812 887 873 nonnihil
909 815 1045 890 66666611
1065 815 1096 871 16
1119 815 1278 875 6116611666
1300 815 1403 878 stella·
1630 775 1720 896 ,ᾗ

34 919 106 962 rum
132 904 310 962 minutarum
332 896 524 978 1666666666.
562 898 622 960 Sed
643 903 669 960 61
691 899 836 960 calculum
852 902 943 974 ineas,
967 907 1109 977 quantum
1132 900 1220 962 distet
1234 902 1291 964 hoc
1307 921 1404 981 punc·

36 997 106 1048 1666
131 991 173 1052 ab
195 989 299 1050 ultima
321 985 448 1062 caudae,
471 989 603 1047 16666166
629 985 683 1048 130
700 986 729 1048 8¹
745 989 824 1064 25“;
848 987 988 1048 distantia
1010 987 1171 1066 Hipparchi
1197 987 1253 1051 12⁹
1266 991 1327 1056 24'.

153 1086 199 1145 En
221 1085 307 1146 tidem
330 1083 465 1143 attirmatl
487 1082 536 1143 iol.
564 1089 619 1159 46,
648 1081 727 1160 quod
750 1099 827 1160 quae
849 1083 1009 1144 secundum
1032 1102 1116 1145 suam
1137 1086 1404 1164 interpretationem

37 1181 140 1240 ,recte
153 1176 357 1232 definitaesctis
370 1173 524 1241 ostendunt,
542 1173 605 1230 illos
623 1182 729 1230 veteres
747 1189 803 1230 non
823 1173 891 1230 alios
909 1173 1023 1230 61666166
1038 1175 1183 1244 parallelos
1200 1178 1229 1233 in
1247 1178 1336 1234 animo
1354 1179 1403 1235 ha·
1440 1245 1442 1254 ,
1503 1175 1504 1178 '
1599 1165 1605 1194 ⁷
1623 1149 1713 1254 ‘iii

34 1255 140 1318 buisse
159 1271 240 1326 quam
258 1271 312 1316 666.
332 1254 378 1326 qui
395 1255 423 1310 in
440 1255 544 1324 epocha
562 1253 751 1325 Olympiadum
770 1253 905 1323 designati
923 1261 1008 1322 eraut,
1026 1261 1054 1310 et
1071 1255 1105 1310 ab
1123 1255 1200 1311 initio
1213 1255 1404 1328 Olympiadem
1488 1293 1490 1296 -
1660 1248 1721 1351 ’,ᾗ

35 1334 77 1389 ad
96 1341 228 1405 tempora
245 1333 436 1390 Eratosthenis
453 1332 542 1389 nullos
560 1334 629 1389 alios
647 1333 762 1390 circulor
780 1333 809 1387 in
828 1332 945 1402 sphaera
962 1341 1072 1390 6616166
1090 1333 1182 1402 161666,
1203 1349 1283 1402 quana
1296 1335 1343 1404 qui
1354 1350 1404 1404 per

34 1411 643 1470 66166661616661666661666166666116610.
678 1409 782 1469 Nonne
805 1407 934 1483 6616611,
957 1425 1012 1470 666
1035 1412 1180 1470 exstitisse
1202 1410 1357 1486 sphaeram
1371 1412 1403 1468 16

40 1496 168 1573 epocha
183 1495 399 1576 Olympiadem,
422 1498 467 1556 sic
489 1494 606 1572 quidem
628 1496 744 1570 laetam,
769 1502 801 1556 ut
823 1503 902 1556 66661
923 1499 994 1574 ’6616
1016 1495 1214 1558 116666666116
1237 1496 1283 1556 his
1305 1498 1402 1573 rebus,
1444 1543 1448 1551 r

37 1599 109 1658 nec,
135 1586 163 1642 61
178 1587 346 1659 exstitisset,
370 1591 500 1660 tempore
515 1583 714 1644 Eratosthenis
736 1586 766 1642 iu
788 1599 844 1643 usu
866 1583 973 1658 161666,
996 1584 1048 1645 661
1064 1602 1118 1645 666
1139 1590 1288 1661 receptam
1310 1585 1401 1646 tuisse

37 1671 226 1733 divisionem
248 1674 367 1744 16360,
390 1677 419 1732 61
441 1669 595 1730 Eudoxum
616 1687 676 1732 non
697 1671 765 1732 ideo
780 1672 938 1731 solstitium
962 1673 992 1731 in
1015 1679 1151 1733 octavam
1166 1680 1279 1748 partem
1296 1672 1401 1734 Cancri

37 1775 169 1836 ponere,
192 1758 272 1837 quod
294 1759 420 1820 circulus
436 1759 569 1836 tropicus
591 1776 644 1836 per
665 1776 730 1820 earn
753 1759 839 1819 tuerit
861 1759 1025 1836 traductus,
1049 1759 1102 1821 661
1124 1762 1209 1838 quia,
1233 1767 1266 1820 ut
1287 1777 1403 1821 summa

36 1845 173 1923 largiar,
203 1865 302 1908 rerum
323 1845 480 1906 solstitium
510 1844 641 1907 docuerit
665 1852 682 1908 8
708 1845 810 1908 diebus
837 1842 1011 1923 praecedere
1041 1848 1146 1909 usuale
1175 1853 1205 1908 et
1227 1848 1270 1908 616
1298 1848 1402 1909 usuale

35 1935 107 2010 jam
131 1933 286 1995 Salamin
309 1931 399 2015 8οΘ
424 1933 648 2011 166661661666.

156 2022 256 2099 Pergit
277 2021 327 2082 161.
344 2029 400 2082 46:
418 2025 486 2080 11166
499 2031 590 2080 autem
603 2029 716 2081 6616666
734 2030 811 2082 eraut
825 2024 1001 2082 duodecimae
1018 2027 1047 2082 16
1058 2025 1282 2084 dodecatemoriis
1292 2025 1402 2084 hotlier·v
1507 2021 1526 2104 ‘¹
1577 2013 1594 2086 ”,
1634 2004 1719 2071 i

36 2103 103 2160 nis:
123 2103 241 2170 Leonis,
259 2104 377 2175 Scorpii,
396 2105 522 2174 Aquarii,
540 2105 645 2162 Tauri·
668 2103 716 2160 Sol
733 2103 936 2173 ingrediebatur
953 2105 1189 2162 dodecateraorion
1212 2104 1356 2162 solstitiale
1373 2104 1401 2160 16

39 2183 127 2239 initio
148 2183 259 2254 6616166
277 2183 401 2238 hodierni
413 2185 523 2240 Leonis.
566 2179 598 2240 Si
621 2179 817 2254 1666666666,
841 2198 910 2257 ergo
933 2182 972 2242 ab
995 2180 1222 2259 olympiadibus
1245 2181 1283 2241 ad
1306 2197 1401 2258 usqne

39 2285 102 2330 666
134 2270 301 2345 6666666616
331 2264 513 2331 6613406·
540 2267 576 2328 Id
604 2267 722 2344 quidem
750 2266 972 2329 66Ρ661661616
994 2269 1124 2346 Scaliger
1152 2267 1269 2330 haurire
1294 2270 1400 2347 potuit,

39 2357 134 2416 66616
160 2361 243 2416 2400
267 2362 296 2416 61
318 2355 407 2433 66616
430 2353 556 2432 amplius
571 2361 682 2416 1661666
698 2373 763 2418 6666
777 2357 1018 2433 praecessionem.
1056 2355 1163 2434 ltaque
1177 2374 1266 2435 supra
1280 2356 1330 2416 161.
1348 2361 1400 2417 tt.

40 2434 141 2520 el'egit
164 2445 278 2504 initium
301 2445 420 2521 6616166
442 2443 535 2521 partis
557 2442 676 2518 Leonis,
697 2460 751 2520 per
771 2442 851 2520 quod
873 2443 1038 2506 traduceret
1058 2447 1201 2522 tropicum
1218 2445 1321 2506 Cancri
1343 2461 1399 2504 66-

40 2541 161 2607 1666666
185 2539 254 2592 1666
275 2531 363 2592 16616
387 2531 496 2593 circulo
510 2533 690 2592 examinarit
704 2530 937 2608 designationem
959 2539 1090 2592 veterum
1113 2549 1164 2609 per
1177 2531 1288 2606 stellas,
1311 2548 1399 2609 quam

40 2619 222 2696 6161661611
243 2621 426 2697 interpretari
448 2635 500 2696 per
523 2625 541 2678 2
565 2618 614 2680 661
637 2625 655 2680 3
679 2617 780 2680 stellas
803 2617 1001 2680 diversissimo
1024 2635 1113 2682 sensu
1136 2637 1155 2680 a
1176 2627 1272 2682 menta
1295 2627 1402 2681 aueto-

41 2723 125 2781 rum,
151 2706 218 2766 illas
239 2724 292 2784 pro
316 2714 394 2769 recte
415 2708 520 2785 6661116
543 2705 655 2784 selegit,
679 2713 800 2781 6616666,
823 2723 899 2784 6666
921 2706 1032 2769 nullam
1054 2709 1322 2785 interpretationem
1345 2705 1400 2767 ad·
1509 2707 1513 2722 ’
1580 2719 1703 2796 ’,1,

43 2793 225 2869 mittebant,
247 2793 361 2855 nubum
390 2796 507 2862 omniuo
536 2795 738 2855 commercium
761 2811 828 2854 auur
849 2793 964 2855 ficticiis
985 2794 1126 2872 Scaligcri
1148 2794 1263 2855 circulis
1290 2795 1399 2856 habere

39 2880 206 2957 uolebant,
237 2881 482 2944 confidentissime
504 2879 680 2960 6666116611,
703 2880 842 2959 66616611,
871 2885 1010 2943 encomiis
1032 2885 1121 2944 666116
1143 2885 1174 2941 16
1196 2882 1399 2960 Hipparchum

40 2967 177 3031 collatis.

155 3053 285 3120 Obsecro
308 3075 378 3120 vero
401 3074 498 3119 66666
521 3073 577 3134 ego
600 3056 731 3132 6661666,
759 3055 938 3133 Scaligernm
962 3058 1019 3118 ista
1039 3074 1091 3134 per
1112 3057 1214 3120 febrim
1231 3057 1398 3134 scripsisse,

44 3147 102 3223 qui
133 3148 223 3206 toties
255 3147 343 3206 etiam
372 3165 391 3206 a
417 3164 448 3206 se
478 3147 543 3223 ipso
571 3143 715 3206 dissentit.
759 3143 969 3205 1616616666
999 3161 1110 3222 quaeso
1141 3145 1398 3206 contradictionem
1454 3165 1456 3176 ·

38 3233 147 3296 aliam.
194 3231 389 3296 6161116161.
414 3237 557 3293 44:er
583 3235 654 3292 datis
680 3234 803 3306 punctis,
832 3250 930 3306 nempe
956 3235 1039 3291 initiis
1066 3237 1221 3307 quintarum
1244 3235 1344 3293 Leonis
1371 3241 1400 3292 et

39 3315 166 3385 Aquarii
182 3315 313 3386 hodierni,
334 3322 362 3371 61
379 3315 432 3371 alio
452 3321 593 3386 praeterea
609 3315 638 3370 in
655 3331 711 3371 una
729 3331 764 3370 66
782 3314 878 3387 stellis,
897 3317 965 3385 quas
978 3315 1129 3386 stringebat
1139 3317 1257 3374 61666166
1269 3315 1400 3386 16661666,

40 3393 219 3452 describetur
235 3401 292 3450 tam
309 3395 432 3466 tropicus
451 3410 532 3466 qnam
550 3395 754 3464 aequinoctialis
772 3396 875 3466 primae
886 3393 1061 3467 Olympiadis,
1080 3399 1108 3452 et
1125 3399 1322 3465 consequenter
1338 3392 1400 3448 reli·

40 3475 93 3545 qui
112 3474 209 3531 6166611
225 3475 350 3544 paralleli
366 3481 482 3545 possunt
501 3473 626 3541 describi,
645 3491 761 3542 quorum
777 3475 846 3532 1666
864 3475 953 3531 adhue
971 3481 1079 3532 6661661
1096 3476 1124 3530 16
1142 3474 1263 3544 reliquiis
1281 3471 1400 3542 Eudoxi,

40 3571 78 3610 66
101 3569 219 3622 quarum
235 3552 289 3610 fide
307 3569 355 3610 eos
374 3553 489 3610 61666166
507 3553 721 3610 examinabimus
743 3556 882 3624 castigatis
905 3554 1164 3611 hallucinationibus
1182 3551 1303 3621 Eudoxi,
1330 3567 1400 3623 quse

43 3641 145 3689 tamen
162 3647 219 3686 non
234 3632 393 3702 impediunt,
412 3632 477 3700 quin
495 3631 603 3687 illorum
620 3631 781 3691 cuculorum
797 3634 897 3691 limites
915 3634 970 3690 sint
987 3636 1023 3690 61
1041 3632 1172 3703 apocham
1188 3631 1291 3702 primae
1309 3629 1399 3702 Olym-

43 3713 141 3782 piadis
161 3711 340 3770 determinati.
387 3705 520 3768 116666
548 3706 600 3769 161.
625 3714 681 3768 46:
706 3712 781 3780 Quae
808 3719 882 3769 recte
906 3712 951 3767 hic
975 3709 1308 3768 1616116666616161166
1331 3711 1399 3766 satis

40 3799 198 3858 ostendunt
212 3841 217 3856 .
231 3839 239 3853 .
253 3839 261 3857 .
275 3839 282 3854 .
296 3797 432 3868 designati
456 3804 533 3855 erant
550 3799 583 3870 (6.
602 3797 647 3867 a),
667 3797 716 3873 qui
732 3813 773 3855 sc.
796 3814 849 3874 per
865 3791 899 3856 8⁰
915 3793 966 3877 Θ,
981 3801 1024 3870 ᾖ,
1048 3796 1077 3856 b.
1092 3811 1118 3855 6.
1140 3811 1192 3871 666
1209 3787 1326 3879 12081,
1340 3803 1401 3858 &2⁴

41 3884 186 3946 hodierni
209 3883 381 3943 transibant.
426 3883 541 3960 Ergone
571 3883 624 3943 tihi
654 3883 731 3944 idem
755 3879 790 3943 40
804 3879 848 3969 52
870 3891 900 3946 61
924 3879 1400 3969 1206166166661611666661

85 4015 115 4030 ..
137 3975 215 4043 Quas
229 3974 287 4043 jam
306 3987 340 4028 66
358 3974 474 4029 Eudoxo
494 3980 522 4028 et
539 3974 721 4030 Eratosthene
740 3974 917 4031 1616161666.
954 3972 994 4032 11
1009 3988 1026 4031 6
1041 3972 1138 4046 miser,
1163 3968 1283 4030 1616166
1298 3976 1402 4047 tapue

42 4061 134 4121 tahas
160 4074 219 4131 eos,
243 4057 295 4135 qut
316 4074 368 4134 per
390 4059 505 4117 initium
527 4057 635 4134 gradum
659 4059 753 4134 quinti
775 4059 884 4121 Leonis
906 4049 1046 4120 hodierni
1061 4057 1243 4133 ducerentur,
1266 4073 1325 4116 non
1346 4073 1399 4133 per

40 4150 163 4208 initium
185 4144 295 4222 gradus
321 4145 378 4205 131
408 4143 500 4223 Ergo
516 4147 665 4222 egregium
694 4146 806 4208 seilicet
827 4149 980 4208 inventum
1006 4146 1154 4208 concludit
1175 4145 1399 4222 epiphonemate

41 4253 106 4296 non
122 4234 273 4295 deteriori:
299 4235 378 4304 Quod
395 4253 450 4292 non
468 4235 603 4292 intellexit
620 4236 808 4307 Hipparchus,
827 4236 873 4308 qui
890 4252 973 4307 saepe
990 4233 1089 4293 inillis
1109 4236 1340 4305 designationibus
1357 4253 1400 4294 re·

40 4315 193 4390 prehendit
211 4315 371 4382 Eudoxum,
390 4330 451 4369 eum
469 4315 602 4372 Eudoxus
619 4331 675 4370 nou
695 4317 728 4372 16
745 4317 852 4373 61666116
871 4317 957 4372 seculi
974 4317 1029 4387 sui,
1049 4316 1098 4372 sed
1116 4315 1236 4387 1611116,
1259 4318 1306 4387 qui
1322 4316 1399 4373 initio

43 4395 242 4470 olympiadum
260 4400 346 4464 erant,
363 4393 503 4466 intelligat,
523 4407 597 4468 quos
621 4407 637 4450 e
659 4392 791 4468 reliquiis
813 4391 928 4452 Eudoxi
951 4407 983 4452 66
1006 4395 1116 4456 6661666
1139 4395 1190 4454 611.

152 4478 238 4540 Folio
263 4485 318 4539 47:
345 4479 429 4536 Polus
448 4481 654 4550 aequinoctialis
672 4481 776 4548 circuli
800 4482 877 4540 initio
896 4482 1085 4552 olympiadum
1108 4482 1227 4540 distabat
1243 4499 1261 4538 a
1277 4481 1357 4540 stella
1375 4483 1399 4539 (1

39 4568 70 4626 16
91 4561 181 4622 cauda
199 4563 356 4636 Cynosmae
374 4559 423 4616 18⁰
440 4559 555 4629 circiter,
574 4577 590 4616 6
607 4561 671 4632 6616
688 4563 782 4620 mundi
801 4565 855 4620 15⁰.

154 4641 346 4724 „Distabat“,
377 4645 473 4722 inquit
503 4642 649 4723 Scaliger,
683 4647 792 4725 66616
825 4647 924 4708 mundi
954 4643 1018 4710 15⁰.
1073 4643 1150 4724 Quid
1178 4646 1234 4708 hoc
1260 4650 1397 4710 monstrir

40 4737 133 4818 polus
155 4733 381 4812 aequinoctialis
404 4731 532 4793 distabat
555 4751 573 4792 6
592 4734 662 4810 6616
684 4735 785 4796 mundi
810 4733 886 4797 1601
921 4733 982 4797 Ubi
1005 4752 1074 4795 vero
1095 4734 1234 4813 probasti,
1257 4735 1397 4814 Scaliger,

42 4828 180 4887 11666666
196 4822 285 4884 esse?
319 4823 366 4882 16
381 4821 450 4883 11661
465 4837 613 4882 assumere
626 4838 684 4881 non
701 4825 849 4901 probata?
879 4823 974 4901 Supra
994 4822 1112 4901 quidem
1133 4821 1184 4884 tol.
1202 4829 1241 4884 66
1266 4834 1397 4902 negatur,

47 4914 154 4996 polum
175 4909 278 4972 mundi
300 4909 407 5000 161666,
430 4925 515 4988 quem
540 4915 626 4971 uocet
648 4909 834 4990 Hipparchus
856 4911 957 4990 polum
979 4911 1096 4990 muudi;
1119 4908 1171 4971 661
1195 4909 1230 4973 16
1252 4909 1303 4973 illo
1325 4913 1399 4975 hac·

1137 5015 1193 5071 tt*
