3436 5416
384 380 418 442 rs
436 380 547 442 risam
566 336 855 446 sinuessam
874 381 1110 445 acroenum.
1176 423 1179 432 .
1273 337 1274 344 ‘
1355 383 1420 458 109

8 575 10 624 ζ
70 554 244 616 mortem
262 558 328 631 (npn
346 561 512 632 extrorsum)
530 575 616 630 versa,
635 567 664 618 et
681 567 746 618 sunt
761 562 834 620 inter
851 575 881 620 se
899 574 1058 631 conuersae,
1075 561 1225 634 sicutipse
1243 561 1355 632 specula
1373 561 1421 620 EG
1515 577 1516 580 ¹

8 687 11 698 ,
71 643 96 689 ει
112 635 171 702 LV,
189 643 223 692 ut
239 654 304 708 pars
323 637 370 696 nni
388 639 486 696 dextra
503 641 539 695 sit
558 657 574 697 e
591 641 702 710 regione
720 640 979 713 sinistraealterius,
998 641 1334 710 sinislrahniceregione
1347 639 1421 698 illius
1444 635 1469 674 ’-
1511 685 1528 692 „
1590 637 1705 716 uses-rsa

8 713 10 790 ζ
69 713 189 770 dextrae·
221 717 405 774 Posteriornm
423 735 487 775 sero
506 720 593 777 latera
611 721 728 791 (dextra)
745 722 850 778 babent
866 728 895 778 et
912 721 1068 778 dextrorum
1086 723 1213 790 speciem.
1243 721 1421 777 Etbaesunt
1499 719 1500 722 ’
1538 755 1539 764 1
1584 713 1673 802 ...θ’
1688 774 1710 790 ,

8 793 15 872 J
66 791 122 860 jam
142 793 316 850 obscuriores
335 803 363 850 et
381 805 516 867 apparent
534 816 588 856 una
607 815 668 856 cum
685 800 801 870 imagine
815 799 921 871 speculi
933 798 1048 869 adversi,
1067 799 1151 854 veluti
1163 800 1191 854 in
1204 800 1263 869 ejus
1275 799 1420 870 profundo.
1479 817 1480 820 ¹
1580 801 1591 816 ”
1616 793 1704 836 '¹

8 879 10 952 j
68 871 104 928 Et
115 873 188 930 baec
206 875 312 946 speculi
324 876 430 932 adversi
442 877 491 932 LV
508 881 597 949 imago
615 879 788 948 inlicitum,
807 889 839 937 nt
850 881 898 936 Ec
917 878 1057 950 speculum
1076 885 1208 950 appareat
1219 879 1296 948 quasi
1310 872 1419 949 duplex,
1644 877 1708 910 '*‘'“

68 951 106 1006 sic
124 953 208 1008 etiam
226 954 284 1011 LV.
321 956 427 1022 Tertio,
450 959 475 1013 si
491 960 577 1030 magis
595 959 762 1016 inclinentur
779 957 892 1030 specula
910 958 945 1014 ad
963 973 992 1014 se
1010 957 1138 1026 invicem,
1158 957 1216 1028 jam
1232 959 1262 1014 in
1279 958 1339 1028 ipsa
1356 957 1419 1012 ima·

8 1089 14 1100 .
68 1030 130 1100 gine
150 1033 256 1101 speculi
273 1034 330 1104 LV,
350 1052 422 1105 quae
438 1038 545 1094 ridetur
561 1040 636 1095 intus
653 1039 682 1093 in
696 1038 751 1109 Ec,
771 1039 857 1094 oritur
874 1037 1046 1108 imaguncula
1065 1037 1169 1108 speculi
1187 1038 1237 1094 ΕΟ
1252 1043 1281 1093 ει
1298 1039 1338 1094 sic
1355 1039 1419 1093 ima
1546 1071 1549 1080 ι
1612 1076 1708 1116 W„.-

8 1125 9 1130 ¹
67 1109 188 1178 muccla
205 1112 246 1167 rei
264 1113 292 1170 in
309 1129 339 1170 re
357 1115 426 1185 ipsa.
450 1117 488 1172 Et
503 1117 532 1172 in
549 1117 601 1172 bac
613 1115 787 1188 imaguncula
806 1116 911 1187 speculi
923 1124 1037 1188 apparet
1054 1117 1136 1173 etiam
1148 1117 1321 1186 imaguncula
1332 1117 1420 1188 faciei,
1501 1173 1502 1176 ,
1587 1111 1679 1196 *43ss
1692 1122 1705 1195 ’ζ

67 1186 149 1242 rnlde
168 1189 284 1246 obscura
302 1201 330 1248 ει
348 1193 496 1263 protunda.
530 1195 568 1251 Et
586 1197 655 1253 haec
672 1196 747 1252 tertii
765 1196 865 1266 gradus
884 1195 972 1264 imago
989 1211 1097 1252 mrsnm
1115 1196 1199 1251 babet
1216 1197 1325 1253 sinistra
1341 1196 1420 1254 faciei
1557 1197 1560 1214 '
1644 1187 1708 1278 5·’“,.

70 1266 243 1326 dextrorsum
263 1288 350 1329 versa.
379 1275 518 1333 Fortassis
535 1277 618 1348 igitur
635 1275 711 1346 loqui
729 1275 814 1330 soluit
826 1274 990 1331 Plutarchus
1008 1273 1042 1330 de
1061 1273 1188 1332 secundis
1206 1283 1234 1332 ει
1251 1277 1338 1334 tertiis
1354 1277 1421 1334 ima·
1465 1273 1470 1284 ²
1518 1343 1540 1352 W,
1569 1311 1570 1314 =
1602 1267 1708 1350 ,ᾗῇ-ἵν’

8 1395 9 1398 ,
68 1347 192 1418 simbus,
212 1349 382 1408 hallucinaus
400 1369 464 1410 vero
483 1354 592 1410 locutus
610 1361 653 1411 est
673 1353 818 1424 deprimis
837 1354 1019 1412 etsecundis.
1578 1347 1616 1370 ‘''
1645 1363 1651 1386 ι
1694 1358 1700 1367 ·

8 1431 9 1434 ’
173 1427 217 1484 26.
235 1429 312 1486 Haec
335 1447 370 1487 ex
392 1431 476 1503 paulo
500 1433 686 1504 superioribus
709 1448 851 1502 perperam
868 1433 985 1502 repetita
1003 1433 1093 1490 ethic
1110 1434 1170 1490 loco
1188 1435 1277 1492 alieno
1301 1443 1365 1494 sunt
1381 1437 1421 1492 iu·

70 1509 158 1576 serta;
178 1507 277 1576 quibus
296 1511 442 1582 expunctis
460 1505 603 1582 sequ‘entia
622 1511 770 1567 cobserent
787 1527 849 1567 cum
867 1511 1099 1569 auwcedentibns.
1584 1553 1640 1584 ,..,,
1668 1549 1710 1577 ,

8 1651 10 1656 ¹
173 1587 217 1642 27.
235 1586 315 1643 Plato
334 1590 477 1661 supponit,
500 1589 614 1660 specula
630 1591 747 1661 primum
762 1590 856 1658 jacere
878 1590 906 1644 in
925 1590 1033 1661 tabula,
1057 1594 1184 1662 contigua
1206 1593 1335 1666 invicem,
1361 1599 1420 1650 tm-
1478 1585 1488 1600 ”

69 1681 154 1734 quarn
171 1667 234 1723 libri
252 1672 340 1740 aperti
357 1672 445 1730 codex
463 1679 593 1741 uterque,
613 1679 641 1727 et
658 1678 839 1743 spectatorem
857 1671 974 1742 desuper
992 1673 1139 1741 inspicere;
1164 1670 1261 1727 deinde
1280 1672 1421 1743 speculum
1468 1721 1472 1730 .
1629 1665 1647 1696 “¹
1685 1682 1693 1699 ·

68 1755 216 1818 utrumqne
238 1749 325 1808 latere
344 1754 471 1810 exteriori
494 1754 664 1824 aliquantum
686 1755 788 1826 elevat,
813 1753 874 1810 loco
897 1753 1070 1812 manentibus
1095 1749 1226 1809 lateribus
1246 1753 1421 1810 interioribus
1489 1747 1492 1754 '
1658 1756 1660 1763 “

68 1828 213 1898 (maguis.
1618 1873 1661 1902 >st
1676 1866 1695 1903 ἐ,

172 1907 218 1964 28.
237 1909 321 1966 Ludit
344 1913 575 1984 aequivocatione.
611 1915 653 1970 De
670 1913 724 1969 hoc
742 1918 785 1968 est
804 1911 942 1982 quaestio,
968 1918 1059 1967 utrum
1078 1911 1194 1983 angulus
1211 1911 1375 1969 incidentiae
1392 1913 1421 1966 iu
1519 1985 1520 1990 W
1542 1905 1586 1984 'W
1608 1905 1673 1981 ’·ζ’»”“1
1689 1906 1698 1935 ’·

8 2039 9 2046 ,
68 1999 121 2038 una
140 1985 235 2056 aliqua
254 1989 415 2048 refractione
433 1993 470 2050 sit
486 1991 608 2063 aequalis
626 1991 727 2060 angulo
745 1989 910 2047 reflexionis.
941 1990 979 2045 nt
995 1991 1040 2048 bic
1057 1991 1160 2048 Lucius
1177 1991 1205 2046 in
1224 1991 1304 2046 aliam
1322 2005 1441 2061 aequa·
1575 2023 1580 2032 «
1612 2008 1707 2066 243,-

8 2067 10 2144 1
67 2061 172 2121 litatem
192 2068 317 2139 erumpit,
338 2073 417 2139 quasi
433 2072 487 2128 boc
505 2073 627 2129 dicerent
643 2071 838 2142 mathematici,
858 2085 952 2127 omnes
969 2069 1147 2126 reflexionum
1162 2070 1277 2140 angulos
1297 2069 1421 2126 omnibus
1508 2093 1512 2106 ³
1574 2089 1709 2148 ,rs

9 2145 10 2150 ’
68 2155 127 2198 εεεε
147 2148 288 2215 aequales.
324 2150 452 2207 Minime:
477 2152 557 2208 unius
581 2152 652 2208 enim
676 2151 756 2207 faciei
778 2150 846 2206 risio
864 2149 897 2205 fit
914 2154 943 2204 et
960 2148 1074 2218 simplici
1097 2163 1262 2219 repercussu
1285 2164 1319 2204 ex
1343 2157 1418 2204 recto
1575 2145 1588 2172 '³
1621 2150 1707 2232 ἲ

8 2285 9 2290 W
67 2221 168 2290 angulo
186 2225 214 2279 in
231 2236 350 2300 rectum,
368 2229 401 2286 fit
420 2238 449 2288 et
465 2231 603 2300 geminata
621 2231 828 2302 repercussione
847 2245 882 2288 ex
899 2245 954 2285 uno
973 2228 1084 2299 speculo
1102 2229 1131 2284 in
1149 2227 1220 2284 aliud
1240 2227 1356 2297 obliquis
1374 2244 1420 2283 an·
1572 2279 1574 2288 ,

8 2335 10 2358 ÷
67 2301 137 2366 gulis
158 2308 186 2358 et
209 2305 248 2361 sic
266 2307 374 2364 demum
397 2309 425 2364 iu
443 2310 557 2379 faciem3
576 2317 605 2366 at
623 2312 705 2366 etiam
722 2310 751 2365 in
768 2309 823 2365 hac
840 2308 976 2377 geminata
994 2308 1199 2379 repercussione
1212 2323 1319 2376 semper
1337 2323 1421 2376 anpu-
1473 2347 1477 2362 .
1522 2329 1525 2344 ¹=
1592 2295 1699 2383 'Li-,iux

8 2393 9 2400 ¹
66 2377 109 2434 lus
128 2381 296 2442 incidentiae
314 2395 357 2444 est
374 2388 497 2458 aequalis
515 2391 615 2460 angulo
639 2389 854 2460 repercussionis
874 2389 902 2444 in
920 2395 1037 2468 utroque
1057 2389 1176 2460 speculo.
1212 2387 1337 2457 Denique
1354 2389 1422 2442 haec
1522 2435 1526 2452 ,
1593 2391 1622 2436 ,Τ
1639 2368 1702 2408 ''³'‘

8 2469 9 2474 ¹
67 2473 175 2517 summa
193 2471 250 2533 est,
276 2465 378 2524 Lucius
396 2485 516 2526 errorem
534 2471 687 2539 argumenti
704 2468 813 2525 hostilis
837 2483 930 2526 errore
948 2469 1002 2525 alio
1019 2468 1132 2538 refutat,
1157 2467 1328 2524 adversarius
1347 2465 1422 2536 Sylla
1619 2489 1624 2496 ·

67 2539 173 2611 mulget
191 2541 307 2614 hircum,
327 2547 430 2605 Lucius
448 2549 565 2606 cribrum
584 2549 720 2621 supponit

171 2621 216 2678 29.
235 2624 311 2681 Haec
329 2630 372 2682 est
389 2628 472 2685 tertia
489 2631 595 2700 species
614 2630 696 2701 lucis,
723 2647 804 2700 qnam
822 2645 873 2702 eqo
894 2628 1030 2700 appellavi
1050 2627 1299 2684 communicativam
1317 2625 1346 2681 in
1366 2623 1422 2694 Op·

68 2699 138 2756 titis.
176 2703 217 2758 Ει
234 2707 403 2764 verissimum
423 2715 478 2777 est,
503 2710 542 2764 sic
561 2711 666 2766 Lunam
683 2711 825 2766 reflectere
842 2709 934 2766 radios
953 2707 1038 2774 Solis,
1062 2712 1093 2762 ut
1111 2721 1158 2761 eos
1176 2705 1292 2761 reflectit
1310 2702 1422 2773 quilibet

8 2821 9 2826 .
65 2781 159 2916 {leffe
176 2799 194 2837 a
213 2783 276 2841 Sole
293 2786 457 2859 illustratus,
481 2787 669 2845 orbiculariter
687 2787 802 2858 scilicet,
828 2789 880 2844 etsi
898 2788 989 2844 lumen
1008 2785 1079 2842 Solis
1101 2788 1135 2843 ab
1162 2802 1218 2842 una
1235 2784 1323 2840 solum
1341 2782 1423 2853 plaga

9 2891 10 2894 ¹
136 2861 204 2918 itur.
1649 2913 1652 2920 ι
1698 2902 1700 2927 1

8 2935 10 2946 ‘
174 2943 217 2998 30.
237 2943 313 3000 Haec
330 2945 432 3003 nullius
451 2948 531 3018 pretii
550 2954 593 3004 est
610 2945 763 3016 excusatio,
788 2952 818 3003 at
838 2961 928 3018 neque
949 2943 1112 3003 necessaria.
1147 2944 1217 3000 Nam
1235 2943 1300 3014 qnia
1317 2948 1422 2998 certum
1479 3001 1493 3018 ‚W
1681 3000 1704 3021 W

64 3027 114 3091 est,
131 3023 242 3079 Lunam
256 3024 286 3079 in
304 3039 355 3082 sua
371 3026 458 3097 ipsius
476 3027 618 3096 superficie
637 3025 789 3082 combibere
807 3024 899 3083 lumen
916 3026 1025 3082 radians
1044 3023 1245 3096 orbiculariter,
1264 3023 1332 3079 nibil
1350 3038 1419 3094 opus
1468 3069 1470 3071 .
1530 3071 1548 3098 „
1575 3019 1705 3094 ῚῚιν

8 3117 9 3120 ¹
65 3106 116 3170 εει,
132 3099 205 3156 illud
223 3102 251 3158 in
269 3103 431 3160 intermedio
450 3105 557 3162 demum
575 3104 649 3160 reris
666 3104 843 3162 reverberari.
1604 3087 1667 3118 ‘⁴
1697 3112 1705 3127 ⁴

169 3179 217 3238 31.
237 3181 314 3238 Sient
330 3183 357 3238 in
375 3185 514 3241 schemate
532 3185 568 3252 (1)
586 3183 653 3239 risio
672 3182 704 3238 fit
720 3181 803 3239 radiis
821 3181 901 3238 faciei
920 3181 971 3250 OS,
991 3181 1045 3256 ΒΡ,
1064 3183 1109 3239 ΡΟ
1127 3183 1299 3254 compositis,
1324 3181 1422 3252 quibus

8 3309 10 3316 ,
66 3257 151 3316 facies
169 3260 307 3316 radiatio
325 3278 403 3319 suum
422 3264 508 3334 ipsius
527 3264 643 3319 oculum.

8 3379 10 3400 2
171 3339 216 3396 32.
234 3341 296 3398 Non
315 3343 396 3399 iaciie
421 3348 514 3398 estex
532 3349 588 3396 tam
607 3340 701 3411 paneis
719 3339 810 3396 serbis
833 3341 925 3397 sanari
947 3347 1065 3398 mentem
1083 3341 1169 3398 Lucii.
1204 3342 1249 3397 Ex
1267 3343 1299 3398 iis
1317 3349 1421 3409 tarnem
1475 3347 1476 3352 ’
1625 3383 1698 3418 ‘r

8 3437 10 3448 ’
65 3433 135 3487 qnae
146 3418 177 3475 in
189 3431 435 3490 musarersantur,
454 3420 577 3492 conjicio,
589 3421 642 3474 boc
653 3419 729 3474 illum
741 3417 823 3488 velle,
841 3418 914 3489 quod
928 3435 1013 3490 supra
1025 3421 1086 3488 (not.
1100 3423 1153 3492 20.)
1172 3421 1256 3491 tetigi,
1275 3427 1351 3477 ratus
1371 3420 1423 3477 ad-‘
1509 3457 1510 3460 =
1534 3477 1535 3480 ,
1582 3427 1598 3470 ’κ’
1621 3415 1708 3504 *inepti

8 3515 10 3524 ¹
66 3499 219 3553 remarinm
241 3499 320 3555 Lucii
343 3501 442 3570 Syllam
466 3500 572 3556 felicius
594 3503 777 3568 pugnaturum
800 3498 896 3563 luisse,
921 3499 945 3554 si
963 3501 1072 3556 modurn
1094 3501 1251 3557 reflexionis
1269 3499 1419 3572 specularis
1597 3505 1600 3518 “
1645 3487 1653 3508 ⁵
1693 3514 1704 3525 ¹¹

8 3601 9 3628 ;
66 3575 184 3632 alienum
198 3593 260 3634 esse
273 3579 615 3648 contenderetapbasibus
626 3577 794 3634 illuminatae
805 3578 910 3634 Lunae.
934 3578 1017 3648 Atqui
1029 3579 1074 3636 bic
1086 3581 1187 3636 Lucius
1203 3580 1259 3648 jam
1276 3579 1305 3633 id
1322 3579 1420 3648 ipsum,

8 3711 9 3718 ,
66 3661 96 3707 nt
112 3655 234 3725 ridetur,
251 3667 374 3726 usurpat,
393 3665 425 3712 ut
443 3673 475 3713 eo
494 3658 628 3725 obtineat,
654 3656 749 3711 saltem
768 3656 874 3726 aliquos
892 3656 962 3712 Solis
981 3658 1072 3714 radios
1090 3675 1106 3714 a
1124 3659 1202 3714 Luna
1218 3657 1323 3715 reflecti
1340 3672 1423 3728 posse
1637 3695 1703 3738 W

8 3733 9 3738 ’
66 3731 241 3802 inTerram,
268 3737 376 3792 etiamsi
391 3738 469 3794 Lnua
496 3743 634 3792 statuatur
658 3751 718 3792 esse
744 3735 893 3806 speculum.
931 3738 996 3793 Cnru
1016 3739 1087 3794 enim
1105 3739 1232 3806 dixerim,
1251 3753 1357 3808 semper
1375 3735 1424 3792 all·
1526 3749 1578 3822 μα’
1608 3743 1630 3784 *1
1640 3739 1657 3782 τ’
1658 3740 1705 3800 et

66 3815 139 3883 qnod
158 3816 275 3884 reperiri
293 3825 424 3887 punctum
442 3817 470 3871 in
489 3815 571 3884 globo
590 3815 738 3886 speculari,
762 3815 790 3868 in
810 3831 862 3883 quo
880 3817 968 3884 possit
984 3817 1122 3888 repercuti
1143 3817 1236 3872 radius
1254 3817 1294 3872 rei
1310 3815 1423 3872 visibilis
1643 3817 1654 3830 “’
1678 3820 1698 3851 ἐ·

66 3893 100 3949 ad
119 3893 234 3950 oculum
252 3897 415 3968 spectantis,
442 3895 509 3951 illud
535 3903 609 3951 certe
633 3903 763 3966 punctum
787 3893 981 3965 utplurimum
1005 3894 1034 3950 in
1055 3904 1133 3966 parte
1151 3897 1245 3953 Lunae
1269 3911 1325 3951 non
1342 3895 1424 3966 plane

8 3995 9 3998 ¹
66 3971 195 4028 deorsum
214 3973 250 4028 ad
262 3991 311 4030 nos
324 3991 411 4046 versa,
431 3976 479 4032 sed
492 3989 586 4030 versus
600 3975 690 4029 Solem
708 3973 801 4029 inclini
813 3974 873 4030 erit
900 3973 974 4030 SitT
986 3975 1079 4044 Terra,
1099 3977 1122 4030 L
1134 3976 1222 4040 Luna,
1241 3973 1297 4034 MN
1307 3973 1423 4030 circulus

8 4095 9 4100 ,
67 4052 125 4120 ejus
144 4051 362 4122 illuminationis,
381 4059 412 4107 nt
431 4053 477 4109 Sol
495 4055 532 4110 eit
549 4055 577 4109 in
591 4053 617 4117 8,
636 4059 663 4107 ει
681 4053 816 4123 producta
832 4053 889 4108 MN
907 4061 1032 4110 occurrat
1049 4055 1076 4108 in
1092 4055 1123 4124 T,
1141 4053 1206 4124 quia
1222 4052 1303 4110 Luna
1319 4055 1424 4112 bisecta

64 4132 543 4205 poniturinuonagerimo.(1³tg.t.)
568 4134 630 4190 Erit
646 4133 728 4203 igitur
739 4133 773 4188 ab
786 4134 812 4188 N
824 4149 918 4188 versus
936 4133 1026 4190 Solem
1038 4139 1170 4206 punctum
1189 4132 1299 4203 aliquod
1316 4131 1423 4187 inclinis
1627 4195 1646 4214 W
1678 4155 1692 4176 v

67 4209 225 4280 superficiei
242 4211 290 4281 NI,
309 4213 382 4280 quod
399 4211 523 4268 reflectat
541 4212 631 4269 radios
651 4211 669 4268 S
686 4213 759 4267 inT.
789 4211 879 4267 Id-sic
896 4213 1045 4271 invenitur:
1063 4222 1157 4271 centro
1175 4212 1200 4269 L
1217 4210 1359 4268 intervallo
1375 4211 1423 4266 LT
1511 4213 1512 4222 ³
1629 4206 1704 4288 v'WJ

8 4319 10 4366 5
65 4290 202 4347 scribatur
215 4306 308 4352 arcue.
327 4307 423 4348 secans
434 4292 491 4353 LT‚
511 4293 554 4348 ts
567 4293 595 4348 in
607 4293 638 4364 Τ,
658 4293 687 4362 (1,
707 4301 735 4349 ει
749 4292 885 4348 biseoetnr
902 4291 948 4347 Tc
960 4292 988 4346 in
1002 4293 1041 4362 D,
1060 4291 1196 4362 ductaque
1213 4291 1263 4346 LD
1282 4297 1355 4346 secet
1373 4289 1423 4342 cir·
1615 4293 1619 4302 ²
1646 4283 1694 4330 '‘2‘-

67 4369 277 4425 conferentiam
294 4370 350 4426 MN
369 4371 397 4425 in
415 4373 438 4426 1.
474 4372 535 4427 Hoc
554 4371 605 4426 erit
622 4377 753 4440 punctum
771 4371 933 4441 quaesitum.
971 4371 1165 4428 Subtendenda
1184 4379 1226 4426 est
1243 4371 1326 4441 igitur
1343 4366 1422 4436 globo

8 4451 10 4460 ’
67 4448 162 4506 Lunae
182 4450 343 4519 superficies
355 4452 410 4520 VB,
428 4457 544 4522 tangens
562 4450 629 4506 illud
646 4452 822 4522 punctum1;
841 4460 868 4507 et
884 4451 912 4506 in
930 4449 983 4506 hac
994 4451 1137 4521 superficie
1155 4456 1246 4506 erecta
1263 4447 1316 4502 alia
1328 4460 1423 4515 super·

8 4531 10 4582 ss
68 4527 140 4587 ficies
159 4531 379 4598 repercussionis
393 4530 450 4587 TIS
468 4529 594 4586 ostendet
611 4527 740 4599 angulum
757 4529 918 4585 incidentiae
930 4529 993 4584 VIT
1010 4530 1151 4601 aequalem
1164 4527 1263 4596 angulo
1279 4540 1423 4596 repercus-

68 4609 150 4663 sionis
170 4609 241 4677 1310,
260 4609 308 4664 ubi
324 4610 410 4677 Luna,
431 4611 454 4665 si
473 4626 527 4664 non
545 4616 632 4665 totum
649 4609 732 4664 totius
750 4609 868 4678 pbaaeos
887 4609 975 4665 lumen
994 4607 1086 4665 aSole
1104 4613 1245 4676 acceptum
1263 4605 1298 4660 ad
1310 4605 1422 4660 Terram

8 4739 9 4742 ,
68 4687 233 4756 repercutit,
260 4695 289 4742 at
307 4687 403 4745 saltem
427 4689 455 4744 in
478 4687 525 4744 illo
549 4695 650 4759 puncto
669 4689 682 4742 1
699 4687 751 4742 hoc
769 4687 842 4743 tacit.
877 4689 914 4744 At
931 4705 992 4744 oum
1015 4685 1172 4756 hujusmodi
1190 4689 1292 4755 puncta
1309 4680 1422 4740 diversis

8 4761 10 4770 ’
68 4766 239 4837 temporibus
257 4765 364 4822 diversa
381 4774 410 4823 et
427 4769 467 4824 sic
477 4769 562 4824 multa
575 4773 646 4838 sunt,
663 4765 750 4823 multa
769 4767 849 4822 etiam
862 4783 974 4823 snorum
990 4766 1121 4822 luminum
1140 4763 1231 4821 adole
1249 4769 1422 4832 acceptorum
1633 4797 1638 4830 s
1659 4803 1660 4806 ,
1678 4811 1708 4850 W

8 4887 9 4890 ,
67 4844 95 4901 iu
111 4846 229 4902 Terram
248 4845 357 4904 dimittit
374 4847 462 4906 Luna.
498 4847 649 4906 autumas
666 4852 758 4902 autem
775 4859 842 4904 roce
859 4845 952 4916 utitur,
972 4845 1036 4916 quia
1053 4843 1129 4915 Sylla
1145 4842 1319 4900 adversarius
1332 4839 1423 4902 Solem
1616 4905 1629 4930 =,
1645 4851 1710 4944 {¹⁷:53
