3478 5424
453 395 541 454 Notae
557 395 585 454 in
603 394 741 478 Somnium
757 378 983 456 mouentium.
1355 391 1397 464 41
1451 477 1453 484 Α

24 595 26 636 1
60 573 146 649 placuit
167 571 235 628 mibi
255 573 413 644 proiectura
434 572 463 630 in
485 575 592 632 Lunam
623 572 792 646 potissimum
810 589 846 630 ex
863 571 984 632 islandia
1006 575 1118 632 solvere.
1153 574 1242 646 Major
1258 573 1340 646 hujus
1358 575 1399 630 in·

24 649 26 676 ²
63 656 124 712 sulae
141 651 339 709 commendatio
357 651 410 708 fuit
427 656 615 712 enarratione
633 654 771 725 Trebonis
791 653 899 724 Brabei,
919 653 953 710 de
970 669 1024 724 qua
1041 653 1120 714 Infra.
1148 655 1208 712 Nec
1224 655 1293 712 nihil
1309 654 1400 725 potuit

61 732 197 792 recordatio
218 731 343 788 lectionis
365 731 498 789 historiae
522 734 555 790 de
578 734 768 792 hibernatione
792 731 989 788 Hellandornm
1010 733 1040 788 in
1063 733 1169 802 glaciali
1186 734 1263 792 liora
1281 733 1398 803 Sembla,

24 817 26 880 j
61 827 118 883 qnae
140 817 169 866 et
185 811 247 880 ipsa
268 810 386 880 plurima
408 814 522 881 praebet
544 815 674 872 exeratis
696 813 879 871 astronomica
902 829 919 872 a
940 828 984 868 me
1007 812 1140 870 translata
1161 813 1191 869 in
1210 812 1399 869 Astrouomiaa

24 895 26 958 ξ
60 893 153 947 Panem
171 889 296 960 Opticam
314 906 385 946 anno
405 892 484 950 tter.

24 979 26 996 ¹
150 972 177 1030 3.
195 971 227 1026 In
244 969 414 1027 habitatione
432 987 507 1042 mea,
530 990 586 1045 qua
608 973 707 1030 utebar
729 987 764 1028 ex
788 971 965 1030 concessione
982 971 1094 1027 Martini
1111 968 1263 1039 Bacchatii,
1286 969 1399 1026 rectoria

24 1047 26 1116 't
61 1050 200 1108 academiae
218 1049 375 1120 Gushnsa,
399 1051 537 1122 pendebat
554 1053 588 1109 ad
606 1053 736 1122 parietem
754 1051 849 1108 charta
866 1050 1047 1122 geographica
1064 1049 1192 1119 Europae
1210 1055 1351 1120 pervetus,
1371 1049 1400 1104 in

24 1127 27 1192 l
63 1146 107 1199 qua
124 1127 285 1185 uocabulum
301 1128 388 1186 Ficta
404 1129 541 1185 Ialaudiee
562 1129 630 1186 locis
653 1130 820 1201 adscriptum
844 1136 911 1186 eret.
947 1128 979 1184 ld
1003 1126 1130 1198 quiequid
1153 1134 1276 1193 sonaret,
1299 1125 1401 1198 placuit

24 1259 25 1264 ,
62 1208 116 1262 mihi
130 1207 202 1262 truci
220 1221 298 1276 sono,
317 1207 463 1276 addidique
480 1207 612 1264 usitatum
630 1206 736 1264 feminis
754 1208 782 1264 iu
800 1207 886 1266 veteri
903 1208 996 1277 liugua
1017 1206 1178 1264 vocabulum
1194 1207 1304 1276 Hsldis3
1328 1203 1401 1262 unde

24 1283 26 1348 l
63 1283 223 1353 Baalasldia,
240 1285 400 1356 ‘Mathdda'a
418 1287 582 1358 Hsldepced,
600 1289 719 1346 Haltered
735 1291 764 1346 ct
780 1285 887 1344 similia.

24 1361 26 1378 “
150 1365 178 1420 t.
195 1364 266 1434 Quia
285 1365 454 1422 verisimilius
467 1366 520 1423 boc
532 1365 566 1424 de
584 1367 649 1438 tilio,
667 1366 760 1424 matria
778 1367 876 1424 artium
893 1366 1103 1438 promulgatore,
1121 1365 1240 1438 quamsi
1257 1377 1291 1420 ea
1308 1378 1401 1434 super·

24 1449 26 1498 ἒ
64 1441 116 1499 stis
131 1441 248 1500 acrrbere
265 1441 423 1514 fingeretur.
446 1443 500 1500 Sed
519 1450 547 1500 et
564 1445 618 1502 hoc
634 1447 748 1502 innuere
764 1445 902 1517 volebam,
921 1446 1047 1514 imperita
1063 1445 1240 1516 experientia,
1259 1459 1307 1500 sen
1319 1443 1402 1500 medi·

24 1523 26 1528 '
66 1538 144 1578 corum
163 1537 214 1578 usu
237 1521 381 1594 loquendi,
407 1523 535 1594 empirica
552 1525 746 1582 exercitatione
765 1523 895 1593 genitrice
912 1523 988 1580 nasci
1009 1523 1114 1593 prolem
1132 1521 1293 1590 scientiam,
1319 1527 1402 1592 atquc

24 1651 25 1654 ,
63 1599 95 1656 illi
109 1616 160 1655 uon
177 1606 266 1656 tutam
285 1616 354 1669 esse,
372 1617 454 1671 quam
472 1603 519 1660 dIu
536 1609 661 1674 superest
678 1602 748 1660 Inter
765 1603 891 1660 homines
908 1609 996 1659 mater
1012 1602 1176 1674 Ignorantia,
1194 1617 1285 1658 rerum
1303 1612 1401 1658 causae

24 1733 25 1744 ,
64 1679 245 1734 rudissimas
263 1679 291 1734 ia
309 1681 406 1751 vulgus
418 1683 660 1756 propalcrc;‚quin
677 1686 769 1755 potius
785 1687 952 1757 parcendum
969 1681 1150 1742 verecundiae
1164 1679 1342 1750 antiquitatis,
1356 1693 1401 1734 cx·

24 1805 25 1832 3
65 1759 224 1828 spectandam
242 1776 374 1816 annorum
391 1763 588 1832 maturitatem,
612 1763 768 1834 querelati
791 1765 866 1822 aenio
884 1765 1007 1822 confecta
1023 1761 1181 1832 Ignorantia
1203 1758 1312 1815 tandem
1331 1773 1402 1812 emo·

24 1859 26 1904 ξ
64 1839 145 1894 riatur.
181 1837 247 1894 Cum
266 1838 348 1908 Igitur
360 1838 462 1896 Somnii
478 1841 531 1896 mei
551 1857 650 1912 scopus
669 1843 712 1914 stt,
732 1850 919 1912 argumentum
938 1860 988 1914 pro
1006 1849 1082 1899 motu
1098 1840 1206 1910 Terrae,
1225 1854 1274 1895 seu
1292 1837 1402 1894 solutio·

24 1939 43 1984 ς,
64 1931 117 1970 nem
131 1917 219 1985 potius
238 1917 422 1986 objectionum
439 1919 474 1974 ab
492 1917 638 1975 universali
656 1921 868 1978 contradictione
887 1924 976 1993 ganda
993 1922 1130 1977 hnmanae
1144 1921 1329 1979 desumtarnm
1346 1934 1402 1974 mo·

24 1999 26 2014 '
65 1995 101 2050 liri
115 1996 235 2067 exemplo
253 1996 361 2065 Lunae,
381 1995 439 2066 jam
464 2002 532 2054 tuuc
555 1999 717 2056 exstinctam
738 2001 804 2056 setis
828 2001 981 2057 arbitrabar
999 2015 1087 2070 exque
1104 1998 1235 2054 memoria
1251 1996 1402 2065 ingenioso·

24 2073 26 2166 j
64 2091 114 2130 rnm
129 2075 266 2132 hominnm
284 2075 448 2132 eradicatam
466 2084 585 2134 veterem
603 2079 676 2134 hanc
694 2078 892 2150 Ignorantiam,
916 2081 967 2136 etsi
987 2080 1094 2150 quidem
1117 2078 1237 2134 luctetur
1257 2076 1402 2132 etiamnum

24 2167 26 2230 4
65 2154 139 2210 amma
154 2155 182 2211 in
199 2170 272 2212 nexu
290 2163 398 2211 artuum
421 2160 477 2208 tam
501 2155 662 2226 multorum,
689 2162 732 2212 tot
753 2157 853 2214 seculis
870 2158 1023 2214 firmisaIme
1040 2155 1153 2224 coalito,
1178 2161 1358 2226 superestque
1374 2155 1402 2210 in
1480 2213 1481 2216 ,

24 2241 28 2340 p
65 2232 193 2290 academiis
215 2247 320 2290 annuas
340 2242 442 2302 mater,
469 2234 519 2290 aed
540 2233 580 2289 ita
603 2233 681 2302 vivit,
706 2240 738 2290 ut
754 2250 828 2292 mers
845 2235 871 2291 ei
888 2235 944 2292 rita
962 2235 1068 2292 felicior
1085 2233 1254 2291 aestimanda
1269 2233 1402 2290 dicatur.
1489 2237 1490 2240 ’

24 2343 27 2360 .
65 2313 151 2380 (lacot.
170 2318 186 2366 5
205 2315 381 2382 desideratur.)

24 2389 26 2458 ξ
153 2391 178 2447 6.
195 2391 229 2447 Id
247 2392 313 2447 mibi
330 2393 357 2448 ia
376 2394 593 2466 peregrinatione
617 2411 678 2454 maa
699 2411 803 2468 nupera
826 2399 867 2454 sic
884 2396 987 2470 evenit,
1011 2411 1167 2469 quamquam
1187 2410 1242 2452 non
1266 2393 1330 2460 soli,
1354 2391 1403 2450 sed
1488 2467 1489 2474 ἵ

24 2487 26 2542 3
65 2468 140 2524 coetui
162 2469 280 2539 plurium
303 2474 538 2530 consentientium.
575 2473 642 2530 ilum
660 2475 732 2532 enim
749 2490 800 2531 nos
817 2475 974 2547 theologus,
999 2478 1187 2548 Augustarum
1205 2471 1404 2532 contessionem

24 2553 26 2622 t
64 2545 202 2616 professus,
225 2547 330 2616 ingenti
348 2565 409 2606 cum
426 2551 484 2606 selo
502 2551 646 2609 invasisset
664 2568 753 2624 exque
771 2552 912 2624 Scriptura
929 2553 982 2610 sibi
1002 2555 1139 2614 rideretur
1155 2554 1293 2612 machinas
1310 2559 1404 2623 petere

24 2623 27 2714 J
65 2625 93 2680 sd
108 2642 153 2683 nos
171 2628 377 2699 oppugnandos,
397 2629 505 2685 tandem
524 2645 656 2686 accensus
674 2631 775 2686 nostris
794 2631 997 2690 defensionibus
1015 2633 1123 2690 sublata
1140 2649 1207 2690 voce
1224 2639 1405 2690 contestatus·

24 2715 26 2812 p
66 2705 211 2774 quaomnia
228 2721 320 2770 sacra,
345 2706 443 2778 dogma
460 2707 513 2763 boc
531 2715 629 2784 epatre
647 2726 752 2766 ommes
768 2712 904 2768 rationem
925 2726 1049 2782 pugnare
1068 2713 1236 2770 exclamarit
1266 2713 1335 2768 Tum
1354 2727 1404 2781 ego

24 2815 26 2842 i
65 2793 134 2855 rupto
155 2785 272 2855 denique
291 2785 400 2842 silentio
423 2789 576 2846 contumaci
595 2791 736 2858 (bactrum
755 2789 826 2844 anim
844 2789 1000 2848 assederam
1022 2791 1131 2848 auditor
1147 2793 1248 2861 merus)
1265 2792 1404 2861 simiam,

24 2847 26 2902 Ι
66 2867 167 2934 inquam,
184 2863 237 2922 lroc
254 2871 303 2933 cst,
320 2867 395 2937 quod
410 2875 517 2925 vestm
534 2870 665 2938 sectionis
682 2870 805 2926 homines
821 2876 901 2942 argei
918 2872 960 2926 cel
975 2871 1099 2943 igesaroe.
1129 2872 1161 2930 δι’
1178 2872 1250 2928 eaim
1267 2869 1406 2942 canosa

66 2944 136 3013 baira
149 2945 307 3012 utilitatem,
324 2947 511 3004 mercemur
528 2953 555 3004 et
570 2949 781 3018 poeasbilitcters
792 2948 913 3005 raama
923 2955 1028 3006 aeaeae
1039 2953 1177 3022 martiis
1188 2951 1328 3024 cupatha,
1340 2948 1405 3018 joaa

67 3025 154 3080 Maec
169 3025 225 3080 cies
242 3030 464 3094 &remotorum
481 3043 499 3082 c
517 3026 664 3098 Scriptura
681 3027 833 3097 petitorum
849 3043 900 3083 aaa
915 3027 971 3099 ipsi
988 3029 1173 3100 declicarete's,
1192 3031 1319 3102 quarata
1334 3045 1405 3086 cere·

68 3103 138 3158 aedo
153 3102 388 3172 iatapretatioere,
406 3109 438 3160 at
456 3105 529 3160 abac
545 3105 639 3161 solatia
656 3121 715 3160 eoa
731 3119 807 3162 roro.
837 3102 877 3162 At
892 3123 967 3163 meac
983 3113 1065 3164 aare
1083 3114 1122 3164 cst
1138 3110 1257 3166 monis
1274 3114 1340 3164 tuce
1356 3109 1405 3162 im·
1504 3117 1506 3124 ’
1523 3147 1525 3158 ,

69 3185 193 3255 tectae
211 3190 244 3239 ct
261 3201 317 3240 aaa
334 3185 436 3254 mdeae,
454 3187 538 3243 ecam
551 3203 637 3257 perrea
653 3201 705 3243 ace
718 3188 888 3258 meraca
903 3189 1027 3258 cligaam
1044 3189 1244 3245 metationis.
1271 3189 1338 3244 Non
1354 3187 1406 3258 igi·

69 3269 108 3318 tar
122 3270 214 3320 matra
231 3277 337 3319 orarem
353 3265 489 3320 satiemur
507 3266 606 3336 dogma
619 3272 736 3338 pagaei,
756 3265 830 3336 qaod
847 3273 945 3322 cenem
957 3274 1178 3324 ocroacmercee
1189 3275 1215 3325 et
1227 3267 1406 3340 physicorum

68 3342 185 3398 tutiorem
207 3357 267 3397 cors
286 3347 402 3412 maaet.
439 3343 519 3414 Quoad
542 3344 614 3400 caira
637 3360 695 3400 aaa
712 3345 789 3414 capit
804 3360 890 3413 casa,
914 3347 990 3416 capit
1013 3347 1083 3402 alter
1099 3348 1131 3402 ic
1148 3347 1266 3403 ructata
1278 3345 1407 3417 peritior.

155 3424 182 3480 7.
200 3423 256 3479 Sua
275 3424 372 3493 cuique
390 3422 494 3494 Injuria.
527 3425 560 3478 In
579 3425 722 3494 coperniei
745 3439 813 3495 opus
831 3423 1042 3486 Revolqtlonum
1065 3425 1133 3479 baec
1156 3424 1280 3494 capitalia
1306 3429 1348 3479 est
1364 3423 1405 3476 in·

67 3499 133 3572 juria
150 3502 221 3572 quod
238 3502 357 3572 imperiti
373 3517 465 3559 rerum
484 3503 725 3560 astronomicarum
743 3503 881 3572 (censuras
900 3503 1030 3559 librorum
1048 3519 1103 3558 non
1120 3519 1155 3560 ax
1173 3510 1263 3560 mente
1280 3517 1338 3572 sue,
1357 3500 1405 3556 aed

68 3595 192 3649 perperam
208 3581 393 3652 interpretati)
411 3579 575 3650 existimant,
594 3596 648 3636 non
668 3595 728 3636 esse
746 3579 891 3650 legendum
908 3581 937 3635 id
956 3596 1033 3652 opus,
1051 3581 1103 3637 uisi
1121 3582 1197 3652 prius
1210 3587 1316 3638 exemto
1329 3586 1406 3634 motu

70 3658 166 3730 Tuus,
190 3661 263 3732 quod
281 3659 441 3716 tantundem
459 3663 503 3714 est
528 3673 561 3714 ac
584 3659 608 3714 si
625 3658 743 3728 diceres,
766 3674 822 3715 non
839 3657 983 3728 legendnm
1002 3675 1062 3716 esse
1079 3661 1169 3730 prius,
1193 3676 1274 3730 quam
1292 3656 1405 3713 flammis

29 3790 33 3801 ,
69 3735 276 3796 beateaastum.
301 3737 361 3794 lios
378 3739 471 3807 itaque
484 3753 538 3794 uon
550 3737 716 3808 armentis
735 3753 793 3808 ego,
811 3738 860 3794 scd
877 3740 936 3795 risu
953 3739 1114 3797 refutandos
1130 3747 1217 3810 ratus,
1236 3739 1290 3795 tale
1308 3734 1405 3806 scripsi

71 3817 229 3886 epigramma:

361 3895 404 3952 Ne
420 3895 571 3963 lasciviret,
589 3901 717 3966 poterant
734 3902 855 3952 entrare
872 3901 989 3968 poetam,

433 3973 578 4030 Testieulis
597 3973 694 4031 demtis
712 3973 768 4030 vita
787 3982 927 4044 superstes
945 3982 1013 4032 erat.

326 4071 344 4095 ι
362 4049 420 4108 Vae
437 4051 488 4107 tibi
504 4053 668 4124 Pythagora,
686 4054 798 4110 cerebro
817 4053 864 4123 qui
881 4054 962 4110 ferris
979 4057 1092 4126 abusus,

430 4129 521 4186 Vitam
539 4131 698 4200 concedunt,
717 4138 782 4188 aute
801 4133 850 4188 sed
869 4135 1056 4210 ercerabrant.

158 4207 185 4262 8.
200 4205 293 4264 Fallor
310 4221 344 4263 an
364 4215 458 4265 auctor
475 4217 583 4282 satyrae
600 4210 738 4280 procacis,
757 4211 801 4266 cui
813 4226 910 4268 nomeu
925 4211 1059 4270 (lonclare
1070 4213 1249 4286 Ignatiaaum,
1268 4213 1407 4284 exemplar

70 4289 149 4368 mana
165 4291 221 4341 erat
236 4286 320 4353 buius
337 4286 476 4360 opusculi;
493 4288 590 4358 pungit
607 4289 679 4344 enim
695 4299 739 4344 me
756 4289 914 4346 nominatim
933 4290 1013 4345 eu‘am
1031 4292 1058 4346 in
1077 4292 1137 4364 ipro
1156 4295 1298 4364 principio.
1334 4295 1405 4350 Nam

70 4373 92 4414 n
105 4378 242 4432 progressu
263 4365 391 4419 miserum
410 4364 590 4434 Copernicnm
617 4364 727 4423 adducit
753 4367 788 4422 ad
809 4364 935 4422 PlutonIs
956 4367 1091 4442 tribunal,
1119 4372 1154 4427 ad
1182 4373 1255 4441 quod
1277 4374 1306 4429 ui
1327 4372 1406 4429 fallor

70 4444 144 4501 amca
166 4453 206 4503 est
227 4463 277 4518 per
298 4449 401 4504 liaclae
424 4449 573 4519 voragines.
593 4449 628 4520 (2,
648 4451 672 4514 5,
690 4451 726 4520 9.)
765 4451 821 4506 Vos
845 4450 936 4516 emim,
963 4450 1010 4520 qui
1033 4451 1157 4507 reddam
1181 4451 1289 4508 habetis
1313 4467 1404 4507 rerum

71 4539 172 4581 mmmm
189 4532 304 4598 atquae
323 4527 387 4582 mihi
407 4543 490 4584 causa
506 4527 589 4582 fuerit
606 4526 831 4597 peregrinationis
848 4526 988 4595 proximae
1006 4527 1033 4582 in
1052 4528 1186 4599 Suadam,
1204 4529 1363 4600 praesertim
1382 4529 1406 4586 si

73 4602 110 4668 qui
123 4611 234 4660 nmmum
250 4607 367 4663 antebac
384 4607 599 4678 manuscriptum
618 4605 691 4662 nacti
709 4605 833 4670 fuerunt,
857 4605 978 4662 libellum
1002 4607 1098 4675 istum,
1123 4608 1246 4665 ominosa
1268 4608 1322 4664 ista
1338 4609 1406 4665 mihi

72 4681 176 4752 meisqm
190 4686 274 4743 fuisse
292 4685 447 4742 censebitis.
483 4685 541 4741 Nec
560 4700 609 4754 ego
629 4685 769 4740 dissentio.
804 4685 934 4754 Magnum
957 4687 1083 4755 equIdem
1107 4693 1150 4742 eat
1168 4685 1261 4742 mortis
1279 4702 1357 4741 omen
1376 4688 1405 4742 in

72 4759 166 4818 rurus
180 4766 273 4821 lethali
290 4763 401 4834 indicto,
420 4765 449 4821 in
465 4781 569 4822 veneno
589 4771 680 4837 epoto,
698 4781 748 4821 uec
765 4765 854 4824 minus
871 4765 957 4822 fuisse
974 4766 1082 4823 ridetur
1099 4766 1184 4824 cladis
1196 4764 1360 4822 domestIcae
1377 4767 1406 4824 iu

73 4842 240 4914 medabena
262 4843 346 4916 hujus
368 4845 471 4920 scripti.
507 4843 662 4904 credideris
680 4843 826 4904 sonabam
844 4844 983 4918 delapsam
1000 4847 1028 4904 Iu
1046 4846 1187 4906 naariam
1209 4845 1327 4918 mnam,
1353 4846 1407 4904 boc
