3398 5426
766 323 770 328 .
928 307 930 318 ·
1506 305 1533 326 .‹
1629 267 1665 332 'is
1677 278 1699 329 c

647 363 671 421 1.
689 347 891 424 uadentem
1382 355 1445 432 iet

89 547 212 620 puncta.
256 541 385 622 urgeres
414 542 522 624 planae
552 565 587 610 ex
622 545 708 610 lineis
737 548 870 628 proxime
900 546 1040 609 oriuntur.
1092 543 1242 606 Distautla
1272 542 1365 605 omnis
1390 555 1452 620 per,

8 659 14 666 ·
89 632 201 692 lineam
223 641 333 694 rectam
355 633 536 713 intelligitur.
581 635 682 698 Lineis
710 653 800 698 cansa
829 637 985 699 creationis
1012 631 1120 695 accidit
1143 649 1313 706 concursus,
1342 633 1445 707 sectio,
1505 687 1506 690 ,
1616 651 1642 730 ²³.

89 719 375 870 parilemm
397 817 594 872 transversum
617 809 732 874 ducitur
753 829 806 890 per
827 817 936 872 certam
958 809 1136 883 distantiam,
1160 815 1193 868 ut
1215 809 1329 869 interim
1351 807 1445 884 prlm⁰

1 892 2 895 ’
89 896 162 956 situi
186 902 306 958 mancat
326 895 479 976 parallela,
502 907 632 962 creatum
653 899 774 980 planum
796 898 977 979 intelligitur.
1015 897 1113 960 Creati
1136 913 1235 958 omnes
1257 903 1326 956 suni
1346 893 1446 973 paral·
1565 913 1572 942 ·.
1646 951 1686 992 .

88 982 287 1062 ieiogramrni.

89 1168 169 1223 tuor.
213 1159 288 1222 Nam
310 1159 370 1221 dno
392 1161 484 1225 latera
506 1172 789 1242 praesupponuntnr,
813 1181 903 1226 unum
917 1179 1047 1238 moncuq
1069 1160 1195 1222 altorum
1216 1158 1260 1218 iili
1274 1157 1449 1236 parallelum

90 1245 292 1313 arducium.
335 1249 426 1311 Ducti
455 1251 577 1313 secundi
604 1259 673 1314 sunt
702 1261 831 1314 extrema
859 1259 969 1330 puncta
997 1256 1028 1310 et
1047 1257 1189 1326 punctum
1219 1247 1338 1308 ductum
1368 1253 1447 1307 creat

16 1371 19 1378 -
89 1334 213 1400 lineam.
257 1337 336 1414 Ergo
359 1337 419 1399 dno
441 1349 550 1416 puncta
571 1339 688 1401 fluentis
709 1339 807 1402 lineae
828 1357 888 1400 una
909 1338 1020 1400 iaciunt
1042 1353 1136 1398 novas
1158 1333 1242 1396 duas.

201 1422 312 1486 Isiacae
341 1424 418 1488 duae
448 1435 561 1488 tanturn
589 1426 681 1490 semel
704 1434 888 1491 concurrunt.
932 1421 1027 1488 Latus
1049 1423 1203 1503 quodlibet
1224 1423 1271 1482 bis
1293 1421 1446 1482 concurrit.

199 1071 308 1134 Latera
329 1079 398 1134 sunt
420 1073 517 1136 lineae
539 1067 664 1152 figuram
678 1075 858 1140 claudentes.
888 1072 1157 1152 Perallelogrammi
1181 1054 1355 1130 iateraennt
1371 1087 1448 1148 qua·
1537 1035 1539 1044 Ι
1581 1051 1603 1112 .¹
1650 1070 1699 1151 t

90 1509 164 1570 Duo
192 1510 287 1572 latera
313 1516 514 1576 concurrentis
540 1514 652 1576 iaciunt
680 1514 831 1594 angeium.
876 1513 971 1576 Plena
1002 1517 1047 1573 tot
1073 1511 1183 1574 babent
1211 1508 1352 1586 angulois
1375 1505 1469 1585 (111οῑχ
1556 1561 1572 1600 ῃ
1596 1549 1602 1592 J
1628 1479 1697 1586 iffi

89 1598 197 1660 latere.

93 1775 174 1835 enim
197 1791 249 1852 per
269 1777 456 1853 negationem
479 1775 591 1838 definiri
613 1786 721 1856 potest.
750 1775 915 1840 Parallelae
937 1779 1026 1854 igitur
1048 1782 1125 1849 snut,
1148 1777 1178 1835 in
1201 1775 1308 1852 quihus
1330 1774 1448 1850 signata

94 1861 169 1924 hina
191 1867 301 1940 puncta
322 1863 553 1940 aequidistaniia
574 1866 691 1943 singnis
712 1868 802 1928 etiam
824 1866 911 1926 unius
925 1883 945 1926 a
958 1864 1083 1941 singulis
1105 1863 1223 1925 alteriue
1239 1860 1446 1938 aequidistant.

199 1685 325 1748 Videtur
346 1686 529 1765 parallelitas
550 1690 636 1752 aliter
664 1689 841 1764 delinienda,
875 1705 963 1767 quam
992 1651 1043 1767 per
1070 1704 1130 1748 non
1148 1703 1344 1760 concursum,
1374 1683 1448 1746 nihil

200 1948 301 2011 Sectio
323 1959 375 2010 ent
398 1959 444 2011 cst
465 1953 713 2030 perpendicularis
735 1959 787 2014 ant
808 1953 957 2017 inclinata.
1002 1949 1351 2029 Perpendicnlaris,
1381 1965 1448 2009 cnm
1538 1993 1539 1996 ,
1595 1913 1697 2010 ¹

1 2113 2 2118 .
89 2039 177 2114 regio
198 2045 417 2114 supersectam
439 2056 492 2116 per
513 2040 687 2103 incidentem
710 2044 740 2100 in
764 2047 782 2101 a
805 2040 943 2118 aequalia
966 2040 1113 2113 dividitur,
1135 2037 1183 2098 rei
1206 2039 1287 2114 regio
1308 2053 1397 2113 snpra
1416 2043 1447 2115 et
1627 2037 1637 2122 ¹.
1653 2041 1699 2122 ji·

89 2126 169 2185 inira
191 2131 300 2186 rectam
322 2127 352 2184 in
376 2133 394 2186 4
418 2128 555 2205 aequalia
576 2147 629 2206 per
650 2135 808 2199 secantem.
836 2127 1006 2206 Spatiorum
1028 2125 1143 2186 illorum
1166 2123 1320 2201 quodlibet
1342 2123 1462 2185 dicitnr.
1546 2131 1547 2134 ’
1594 2181 1596 2190 ,
1621 2123 1675 2225 3

92 2213 223 2290 angulus
237 2219 343 2272 rectus.
365 2212 397 2294 (2
413 2213 460 2289 R,
486 2213 568 2296 ili.)
603 2212 644 2278 In
656 2217 822 2289 elinata,
845 2233 911 2277 cnm
928 2215 1068 2276 dividitur
1090 2216 1119 2273 in
1137 2212 1305 2290 inaequalia
1319 2213 1447 2290 spatium

90 2318 184 2379 snpra
206 2307 324 2360 rectam.
370 2299 502 2363 Obtueus
525 2306 627 2383 major,
651 2311 755 2366 acutus
776 2305 871 2365 minor
892 2311 982 2365 recto.

198 2387 478 2466 P⁸l⁸¹¹⁰¹⁰ssi⁸mm8
503 2389 615 2453 hibeni
644 2399 770 2470 quatuor
792 2398 896 2454 rectos.
942 2391 1018 2452 Naro
1040 2396 1168 2468 quatuor
1196 2390 1353 2450 exteriores
1374 2385 1449 2448 finnt
1566 2448 1572 2464 -.
1598 2397 1606 2486 ²3
1629 2366 1699 2480 ⁵

90 2476 282 2536 interioribus
304 2484 334 2536 et
355 2480 500 2555 oppositis
523 2479 678 2557 aequales,
701 2495 770 2556 ergo
793 2479 972 2556 conjunctim
994 2481 1152 2542 exteriores
1175 2485 1243 2536 sunt
1264 2475 1448 2536 interioribus

1 2625 2 2630 ,
91 2564 273 2640 conjunctim
296 2565 447 2640 aequales.
491 2565 530 2626 Et
550 2571 679 2646 spatium
703 2581 788 2628 omne
811 2569 888 2628 circa
910 2565 969 2628 dno
990 2574 1101 2643 puncta
1129 2565 1204 2624 inira
1226 2572 1257 2625 et
1278 2563 1336 2623 dno
1359 2580 1449 2640 supra

89 2651 205 2712 lineam
234 2649 356 2712 alteram
383 2655 412 2712 in
437 2654 576 2729 aequalia
598 2654 725 2717 divisum
744 2661 804 2728 est,
835 2671 959 2732 quorum
989 2671 1079 2714 unum
1107 2661 1177 2714 sunt
1204 2652 1305 2730 anguli
1333 2652 1448 2726 interni,

90 2737 220 2800 alterum
244 2741 363 2799 externi.
403 2739 457 2799 ¹Ad
481 2740 590 2802 dictum
612 2744 739 2821 spatium
761 2748 830 2801 snnt
852 2747 870 2802 8
894 2744 980 2815 recti,
1004 2742 1065 2802 bini
1091 2741 1168 2802 circa
1190 2739 1308 2818 singula
1329 2746 1448 2814 puncta,
1546 2747 1547 2750 ’
1614 2703 1620 2732 ’1
1633 2695 1696 2825 ὀξ

93 2843 222 2904 quornm
250 2832 319 2903 sunt
343 2834 372 2888 4.
418 2828 496 2904 urge
526 2830 677 2892 dimidium
704 2838 775 2892 suut
797 2836 816 2890 4
839 2831 921 2892 recti.
967 2828 1071 2892 Omnis
1096 2827 1363 2908 parallelogrammi
1392 2844 1449 2889 eu·
1575 2869 1579 2920 J
1595 2845 1600 2882 ε
1621 2825 1698 2928 ili

92 2913 160 2992 gnii
185 2915 313 2994 oppositi
335 2923 405 2978 sunt
425 2917 566 2994 aequales
589 2927 619 2982 et
639 2919 733 2982 latera
756 2918 892 2998 opposita
914 2917 1061 2998 aequalia.

447 3077 624 3138 nemeaea
646 3081 794 3150 meatem
813 3078 884 3150 jam
905 3079 949 3138 de
972 3079 1086 3138 secde.

201 3185 332 3265 Singulis
354 3191 460 3250 mestis
483 3187 643 3250 adbaerent
665 3190 736 3250 bina
757 3197 838 3252 sema
858 3189 1004 3268 aequalia.
1050 3189 1125 3252 Sunt
1147 3187 1302 3264 insugula.
1340 3185 1448 3248 Tribus
1540 3181 1544 3196 '

89 3275 239 3338 lateribus
259 3278 399 3352 pauciora
420 3275 503 3336 nniia
526 3276 620 3354 flgnra
640 3276 791 3338 rectilinea
811 3277 920 3340 babere
942 3284 1050 3356 potest.
1089 3278 1209 3339 Habent
1232 3285 1289 3337 tres
1311 3275 1448 3352 angulos,

90 3361 237 3439 aequales
253 3361 367 3448 duobus
381 3365 478 3424 rectis.
509 3362 585 3424 Nem
607 3365 737 3441 ipsorum
752 3373 814 3426 tota
829 3365 939 3426 habent
961 3371 980 3427 4
995 3373 1091 3427 rectos
1105 3364 1254 3443 aequales.
1292 3364 1333 3425 At
1347 3379 1448 3424 omues

91 3454 126 3510 in
150 3456 169 3510 2
194 3449 341 3526 trismula
368 3449 524 3512 distributi.
569 3451 647 3528 Ergo
677 3451 748 3512 bina
778 3453 925 3530 triangula
953 3453 1101 3514 habenti
1127 3462 1232 3514 rectos.
1279 3449 1349 3512 dam
1377 3466 1448 3514 vero

91 3545 166 3601 aunt
187 3536 325 3614 nequalia
347 3545 377 3598 et
398 3539 515 3613 similia,
538 3555 608 3616 ergo
630 3538 793 3615 aequaliter
808 3545 971 3618 partiuntur
987 3548 1006 3602 4
1021 3543 1107 3602 rectis
1124 3541 1291 3618 habentque
1308 3545 1327 3599 2
1342 3545 1448 3602 rectos.
1542 3555 1543 3562 ¹
1659 3547 1665 3556 ’

201 3621 296 3686 Omne
325 3625 502 3702 triangulum
531 3643 600 3704 pars
628 3623 760 3704 generati
790 3627 1065 3706 parallelogrammi.
1118 3628 1233 3702 emsa,
1268 3630 1339 3704 quia
1370 3627 1449 3688 omni
1504 3704 1507 3713 .

90 3713 244 3790 triangulo
266 3713 362 3774 simile
385 3712 448 3774 dari
474 3720 572 3792 potest
594 3721 625 3774 et
645 3714 779 3792 aequale.
822 3714 892 3776 Duo
919 3717 1009 3792 igitur
1034 3715 1182 3795 applicata
1210 3715 1328 3792 aequali
1356 3713 1448 3776 latere

90 3797 222 3880 angulos
238 3801 389 3878 oppositos
403 3802 515 3863 iaciunt
527 3801 667 3880 aequales
681 3810 714 3863 nt
728 3819 826 3880 snpra,
839 3819 929 3880 quare
944 3806 1124 3865 constituunt
1132 3803 1448 3882 parallelogrammum.

201 3887 333 3949 Veniunt
363 3889 509 3966 triangula
531 3907 566 3951 ex
597 3889 773 3968 rectanqulis
806 3891 992 3968 rostangnla,
1022 3909 1058 3952 ex
1080 3892 1225 3970 quadrato
1248 3889 1450 3967 rectangnluru

88 3974 250 4051 isosceles,
276 3993 313 4037 ex
335 3976 458 4038 rhombo
480 3976 529 4038 vei
554 3977 781 4053 obtusanguium
803 3979 941 4040 isosceles
963 3981 1101 4040 connexis
1123 3974 1239 4058 anguiis
1262 3979 1379 4055 longius
1402 3978 1450 4038 di·

90 4063 261 4139 stantibus,
288 4061 336 4125 rel
358 4064 567 4144 mutangelum
589 4065 744 4141 isosceles,
776 4069 915 4127 connexis
943 4069 1136 4145 propioribus.
1182 4068 1225 4127 Ex
1248 4075 1328 4127 oerts
1349 4066 1449 4143 specie

90 4152 221 4225 rhombi,
243 4150 466 4229 aequilaterum.
510 4151 555 4212 Ex
576 4151 775 4214 rhomboidesi
798 4154 974 4231 quibusdam
1001 4151 1180 4233 acutsupnla
1207 4153 1345 4229 isoscele,
1375 4169 1450 4215 con·

91 4243 179 4302 nexis
200 4239 397 4317 propioribus,
419 4257 455 4302 ex
478 4239 675 4301 rhomboidesi
697 4239 764 4301 aliis
785 4244 878 4304 sana.

202 4325 346 4389 Omnibus
362 4327 516 4406 triangulis
534 4327 592 4389 boc
613 4329 697 4401 inest,
721 4327 801 4406 qnod
823 4329 929 4408 maiori
950 4327 1060 4408 angulo
1073 4328 1170 4405 majos
1183 4329 1260 4392 latus
1282 4329 1447 4410 opponitur.
1538 4351 1539 4356 ¹
1622 4291 1690 4420 [⁵33⁵

93 4413 321 4492 heqoiiaternm
343 4417 432 4492 igitur
454 4423 500 4477 est
521 4423 609 4478 ctiam
631 4416 869 4495 aequiangulum.

576 4577 724 4648 Fimrrae
745 4578 966 4649 compositae.

1 4746 2 4756 ,
202 4685 385 4764 Compositio
409 4693 512 4748 estex
535 4686 701 4764 triaogultm
725 4688 758 4749 ut
779 4692 896 4766 quoties
915 4697 934 4751 2
950 4690 1096 4767 tdanula
1117 4705 1176 4750 nno
1199 4686 1289 4747 latere
1312 4685 1450 4764 aequalia

95 4781 347 4851 cosgmmoantnr.
384 4771 444 4836 Ubi
467 4774 539 4836 ordo
562 4777 776 4837 commissionis
791 4775 925 4839 diversus
948 4775 1042 4852 ine'rit,
1066 4775 1182 4837 diversa
1195 4775 1451 4852 dnntasnperio·¹

95 4863 193 4939 ribus,
222 4863 354 4942 trapezia
374 4860 458 4927 fiunt.
502 4861 538 4928 ln
555 4863 738 4957 rectaogulis
761 4869 791 4928 et
812 4866 1016 4946 obtussngnlis
1038 4863 1110 4928 ordo
1133 4865 1238 4928 inverti
1260 4879 1319 4925 non
1341 4867 1449 4948 potest,
