<?xml version="1.0" encoding="UTF-8"?>
<!DOCTYPE html PUBLIC "-//W3C//DTD XHTML 1.0 Transitional//EN"
    "http://www.w3.org/TR/xhtml1/DTD/xhtml1-transitional.dtd">
<html xmlns="http://www.w3.org/1999/xhtml" xml:lang="en" lang="en">
 <head>
  <title>
</title>
<meta http-equiv="Content-Type" content="text/html;charset=utf-8" />
  <meta name='ocr-system' content='tesseract 3.04.00' />
  <meta name='ocr-capabilities' content='ocr_page ocr_carea ocr_par ocr_line ocrx_word'/>
</head>
<body>
  <div class='ocr_page' id='page_1' title='image "./joanniskepleria21frisgoog_0227.png"; bbox 0 0 3398 5426; ppageno 0'>
   <div class='ocr_carea' id='block_1_1' title="bbox 556 363 1448 438">
    <p class='ocr_par' dir='ltr' id='par_1_1' title="bbox 556 363 1448 438">
     <span class='ocr_line' id='line_1_1' title="bbox 556 363 1448 438; baseline 0.019 -20"><span class='ocrx_word' id='word_1_1' title='bbox 556 363 591 422; x_wconf 83' lang='lat' dir='ltr'>rt</span> <span class='ocrx_word' id='word_1_2' title='bbox 608 363 745 422; x_wconf 82' lang='lat' dir='ltr'>Historiae</span> <span class='ocrx_word' id='word_1_3' title='bbox 762 370 790 421; x_wconf 87' lang='lat' dir='ltr'>et</span> <span class='ocrx_word' id='word_1_4' title='bbox 806 365 984 438; x_wconf 88' lang='lat' dir='ltr'>Philologica.</span> <span class='ocrx_word' id='word_1_5' title='bbox 1377 365 1448 434; x_wconf 36' lang='lat'>,213</span> 
     </span>
    </p>
   </div>
   <div class='ocr_carea' id='block_1_2' title="bbox 1 538 1510 4915">
    <p class='ocr_par' dir='ltr' id='par_1_2' title="bbox 66 538 1448 2897">
     <span class='ocr_line' id='line_1_2' title="bbox 196 538 1447 623; baseline 0.006 -24"><span class='ocrx_word' id='word_1_6' title='bbox 196 538 274 600; x_wconf 82' lang='lat' dir='ltr'>Cum</span> <span class='ocrx_word' id='word_1_7' title='bbox 298 543 374 602; x_wconf 89' lang='lat' dir='ltr'>enim</span> <span class='ocrx_word' id='word_1_8' title='bbox 395 543 425 602; x_wconf 91' lang='lat' dir='ltr'>in</span> <span class='ocrx_word' id='word_1_9' title='bbox 449 543 528 604; x_wconf 87' lang='lat' dir='ltr'>ritae</span> <span class='ocrx_word' id='word_1_10' title='bbox 551 545 710 620; x_wconf 87' lang='lat' dir='ltr'>mortisque</span> <span class='ocrx_word' id='word_1_11' title='bbox 731 545 887 623; x_wconf 87' lang='lat' dir='ltr'>generibus</span> <span class='ocrx_word' id='word_1_12' title='bbox 903 545 1017 606; x_wconf 88' lang='lat' dir='ltr'>infinita</span> <span class='ocrx_word' id='word_1_13' title='bbox 1031 545 1070 605; x_wconf 89' lang='lat' dir='ltr'>sit</span> <span class='ocrx_word' id='word_1_14' title='bbox 1084 544 1220 619; x_wconf 81' lang='lat' dir='ltr'>varietas,</span> <span class='ocrx_word' id='word_1_15' title='bbox 1243 557 1334 622; x_wconf 86' lang='lat' dir='ltr'>quam</span> <span class='ocrx_word' id='word_1_16' title='bbox 1348 547 1447 607; x_wconf 85' lang='lat' dir='ltr'>varie-</span> 
     </span>
     <span class='ocr_line' id='line_1_3' title="bbox 69 627 1448 710; baseline 0.007 -24"><span class='ocrx_word' id='word_1_17' title='bbox 69 633 180 686; x_wconf 80' lang='lat' dir='ltr'>tatem</span> <span class='ocrx_word' id='word_1_18' title='bbox 206 627 360 690; x_wconf 87' lang='lat' dir='ltr'>intellecta</span> <span class='ocrx_word' id='word_1_19' title='bbox 382 631 571 709; x_wconf 77' lang='lat' dir='ltr'>cogitatuque</span> <span class='ocrx_word' id='word_1_20' title='bbox 594 628 755 694; x_wconf 89' lang='lat' dir='ltr'>discernere</span> <span class='ocrx_word' id='word_1_21' title='bbox 776 633 947 694; x_wconf 88' lang='lat' dir='ltr'>facillimum</span> <span class='ocrx_word' id='word_1_22' title='bbox 970 639 1028 706; x_wconf 90' lang='lat' dir='ltr'>est,</span> <span class='ocrx_word' id='word_1_23' title='bbox 1052 651 1141 692; x_wconf 92' lang='lat' dir='ltr'>unam</span> <span class='ocrx_word' id='word_1_24' title='bbox 1164 639 1265 693; x_wconf 89' lang='lat' dir='ltr'>contra</span> <span class='ocrx_word' id='word_1_25' title='bbox 1288 651 1380 710; x_wconf 88' lang='lat' dir='ltr'>genus</span> <span class='ocrx_word' id='word_1_26' title='bbox 1403 641 1448 696; x_wconf 89' lang='lat' dir='ltr'>est</span> 
     </span>
     <span class='ocr_line' id='line_1_4' title="bbox 71 713 1445 799; baseline 0.004 -23"><span class='ocrx_word' id='word_1_27' title='bbox 71 718 246 789; x_wconf 88' lang='lat' dir='ltr'>orationis,</span> <span class='ocrx_word' id='word_1_28' title='bbox 271 734 330 794; x_wconf 92' lang='lat' dir='ltr'>qno</span> <span class='ocrx_word' id='word_1_29' title='bbox 354 726 484 778; x_wconf 89' lang='lat' dir='ltr'>mortuos</span> <span class='ocrx_word' id='word_1_30' title='bbox 507 727 559 778; x_wconf 91' lang='lat' dir='ltr'>aut</span> <span class='ocrx_word' id='word_1_31' title='bbox 580 713 672 780; x_wconf 81' lang='lat' dir='ltr'>morte</span> <span class='ocrx_word' id='word_1_32' title='bbox 694 723 924 781; x_wconf 86' lang='lat' dir='ltr'>necessariorum</span> <span class='ocrx_word' id='word_1_33' title='bbox 948 721 1104 782; x_wconf 87' lang='lat' dir='ltr'>destitutos</span> <span class='ocrx_word' id='word_1_34' title='bbox 1120 720 1209 796; x_wconf 87' lang='lat' dir='ltr'>vulgo</span> <span class='ocrx_word' id='word_1_35' title='bbox 1233 724 1445 799; x_wconf 82' lang='lat' dir='ltr'>prosequimur,</span> 
     </span>
     <span class='ocr_line' id='line_1_5' title="bbox 69 804 1445 884; baseline 0.006 -22"><span class='ocrx_word' id='word_1_36' title='bbox 69 812 109 862; x_wconf 90' lang='lat' dir='ltr'>nt</span> <span class='ocrx_word' id='word_1_37' title='bbox 135 806 184 862; x_wconf 86' lang='lat' dir='ltr'>iis</span> <span class='ocrx_word' id='word_1_38' title='bbox 209 821 265 862; x_wconf 88' lang='lat' dir='ltr'>nos</span> <span class='ocrx_word' id='word_1_39' title='bbox 287 804 443 868; x_wconf 90' lang='lat' dir='ltr'>condolere</span> <span class='ocrx_word' id='word_1_40' title='bbox 467 805 598 866; x_wconf 85' lang='lat' dir='ltr'>dicamus</span> <span class='ocrx_word' id='word_1_41' title='bbox 627 825 715 884; x_wconf 87' lang='lat' dir='ltr'>super</span> <span class='ocrx_word' id='word_1_42' title='bbox 738 811 846 868; x_wconf 87' lang='lat' dir='ltr'>amisso</span> <span class='ocrx_word' id='word_1_43' title='bbox 869 809 935 884; x_wconf 93' lang='lat' dir='ltr'>iiio,</span> <span class='ocrx_word' id='word_1_44' title='bbox 968 811 1017 884; x_wconf 89' lang='lat' dir='ltr'>qni</span> <span class='ocrx_word' id='word_1_45' title='bbox 1040 808 1101 868; x_wconf 86' lang='lat' dir='ltr'>fato</span> <span class='ocrx_word' id='word_1_46' title='bbox 1124 809 1245 868; x_wconf 74' lang='lat' dir='ltr'>furrctus&#39;</span> <span class='ocrx_word' id='word_1_47' title='bbox 1262 816 1316 870; x_wconf 88' lang='lat' dir='ltr'>ast.</span> <span class='ocrx_word' id='word_1_48' title='bbox 1361 808 1445 870; x_wconf 90' lang='lat' dir='ltr'>Unus</span> 
     </span>
     <span class='ocr_line' id='line_1_6' title="bbox 68 891 1445 973; baseline 0.005 -23"><span class='ocrx_word' id='word_1_49' title='bbox 68 893 180 950; x_wconf 87' lang='lat' dir='ltr'>etiam</span> <span class='ocrx_word' id='word_1_50' title='bbox 205 891 342 968; x_wconf 77' lang='lat' dir='ltr'>idemque</span> <span class='ocrx_word' id='word_1_51' title='bbox 365 901 467 970; x_wconf 88' lang='lat' dir='ltr'>gestus</span> <span class='ocrx_word' id='word_1_52' title='bbox 490 903 550 966; x_wconf 87' lang='lat' dir='ltr'>est,</span> <span class='ocrx_word' id='word_1_53' title='bbox 582 911 640 971; x_wconf 88' lang='lat' dir='ltr'>quo</span> <span class='ocrx_word' id='word_1_54' title='bbox 671 913 737 958; x_wconf 88' lang='lat' dir='ltr'>sese</span> <span class='ocrx_word' id='word_1_55' title='bbox 764 903 869 973; x_wconf 90' lang='lat' dir='ltr'>gerunt</span> <span class='ocrx_word' id='word_1_56' title='bbox 892 896 1132 973; x_wconf 81' lang='lat' dir='ltr'>qualitercunque</span> <span class='ocrx_word' id='word_1_57' title='bbox 1161 895 1360 957; x_wconf 88' lang='lat' dir='ltr'>defunctorum</span> <span class='ocrx_word' id='word_1_58' title='bbox 1390 915 1445 958; x_wconf 89' lang='lat' dir='ltr'>ne-</span> 
     </span>
     <span class='ocr_line' id='line_1_7' title="bbox 69 979 1445 1058; baseline 0.004 -20"><span class='ocrx_word' id='word_1_59' title='bbox 69 982 233 1038; x_wconf 84' lang='lat' dir='ltr'>cessarii:</span> <span class='ocrx_word' id='word_1_60' title='bbox 256 983 306 1056; x_wconf 89' lang='lat' dir='ltr'>qui</span> <span class='ocrx_word' id='word_1_61' title='bbox 329 979 439 1057; x_wconf 91' lang='lat' dir='ltr'>pullam</span> <span class='ocrx_word' id='word_1_62' title='bbox 461 983 596 1042; x_wconf 90' lang='lat' dir='ltr'>nimirum</span> <span class='ocrx_word' id='word_1_63' title='bbox 620 991 731 1044; x_wconf 86' lang='lat' dir='ltr'>vestcm</span> <span class='ocrx_word' id='word_1_64' title='bbox 751 985 883 1058; x_wconf 90' lang='lat' dir='ltr'>induunt,</span> <span class='ocrx_word' id='word_1_65' title='bbox 909 983 1021 1043; x_wconf 81' lang='lat' dir='ltr'>unitum</span> <span class='ocrx_word' id='word_1_66' title='bbox 1042 983 1149 1058; x_wconf 82' lang='lat' dir='ltr'>velant,</span> <span class='ocrx_word' id='word_1_67' title='bbox 1173 983 1252 1044; x_wconf 85' lang='lat' dir='ltr'>elata</span> <span class='ocrx_word' id='word_1_68' title='bbox 1270 1001 1340 1045; x_wconf 84' lang='lat' dir='ltr'>voce</span> <span class='ocrx_word' id='word_1_69' title='bbox 1364 1001 1445 1044; x_wconf 89' lang='lat' dir='ltr'>com-</span> 
     </span>
     <span class='ocr_line' id='line_1_8' title="bbox 66 1064 1444 1152; baseline 0.006 -28"><span class='ocrx_word' id='word_1_70' title='bbox 66 1067 209 1142; x_wconf 82' lang='lat' dir='ltr'>plorant</span> <span class='ocrx_word' id='word_1_71' title='bbox 232 1064 414 1144; x_wconf 86' lang='lat' dir='ltr'>plurimaque</span> <span class='ocrx_word' id='word_1_72' title='bbox 437 1068 547 1128; x_wconf 86' lang='lat' dir='ltr'>doloris</span> <span class='ocrx_word' id='word_1_73' title='bbox 569 1070 744 1152; x_wconf 88' lang='lat' dir='ltr'>documenta</span> <span class='ocrx_word' id='word_1_74' title='bbox 766 1071 864 1131; x_wconf 90' lang='lat' dir='ltr'>edunt.</span> <span class='ocrx_word' id='word_1_75' title='bbox 903 1071 940 1130; x_wconf 82' lang='lat' dir='ltr'>Et</span> <span class='ocrx_word' id='word_1_76' title='bbox 960 1072 1050 1131; x_wconf 90' lang='lat' dir='ltr'>babet</span> <span class='ocrx_word' id='word_1_77' title='bbox 1073 1070 1191 1147; x_wconf 89' lang='lat' dir='ltr'>quidem</span> <span class='ocrx_word' id='word_1_78' title='bbox 1215 1071 1287 1132; x_wconf 90' lang='lat' dir='ltr'>haec</span> <span class='ocrx_word' id='word_1_79' title='bbox 1309 1079 1444 1148; x_wconf 84' lang='lat' dir='ltr'>gestuum</span> 
     </span>
     <span class='ocr_line' id='line_1_9' title="bbox 69 1154 1443 1243; baseline 0.004 -29"><span class='ocrx_word' id='word_1_80' title='bbox 69 1154 247 1214; x_wconf 82' lang='lat' dir='ltr'>uniformis</span> <span class='ocrx_word' id='word_1_81' title='bbox 270 1156 441 1232; x_wconf 80' lang='lat' dir='ltr'>simplicitas</span> <span class='ocrx_word' id='word_1_82' title='bbox 464 1175 547 1216; x_wconf 88' lang='lat' dir='ltr'>suam</span> <span class='ocrx_word' id='word_1_83' title='bbox 563 1162 789 1232; x_wconf 81' lang='lat' dir='ltr'>excusationem,</span> <span class='ocrx_word' id='word_1_84' title='bbox 813 1158 891 1236; x_wconf 92' lang='lat' dir='ltr'>qnod</span> <span class='ocrx_word' id='word_1_85' title='bbox 906 1159 1025 1234; x_wconf 89' lang='lat' dir='ltr'>publica</span> <span class='ocrx_word' id='word_1_86' title='bbox 1040 1158 1132 1218; x_wconf 90' lang='lat' dir='ltr'>veluti</span> <span class='ocrx_word' id='word_1_87' title='bbox 1152 1158 1306 1243; x_wconf 76' lang='lat' dir='ltr'>disciplina</span> <span class='ocrx_word' id='word_1_88' title='bbox 1322 1167 1443 1234; x_wconf 88' lang='lat' dir='ltr'>constet,</span> 
     </span>
     <span class='ocr_line' id='line_1_10' title="bbox 69 1241 1445 1323; baseline 0.003 -21"><span class='ocrx_word' id='word_1_89' title='bbox 69 1241 234 1320; x_wconf 89' lang='lat' dir='ltr'>quodque</span> <span class='ocrx_word' id='word_1_90' title='bbox 257 1243 389 1304; x_wconf 76' lang='lat' dir='ltr'>solennia</span> <span class='ocrx_word' id='word_1_91' title='bbox 411 1247 468 1302; x_wconf 89' lang='lat' dir='ltr'>ista</span> <span class='ocrx_word' id='word_1_92' title='bbox 490 1246 590 1322; x_wconf 90' lang='lat' dir='ltr'>popuii</span> <span class='ocrx_word' id='word_1_93' title='bbox 615 1246 826 1306; x_wconf 90' lang='lat' dir='ltr'>consuetudine</span> <span class='ocrx_word' id='word_1_94' title='bbox 840 1254 958 1323; x_wconf 87' lang='lat' dir='ltr'>recepta</span> <span class='ocrx_word' id='word_1_95' title='bbox 979 1247 1053 1321; x_wconf 86' lang='lat' dir='ltr'>legis</span> <span class='ocrx_word' id='word_1_96' title='bbox 1068 1252 1202 1306; x_wconf 89' lang='lat' dir='ltr'>naturam</span> <span class='ocrx_word' id='word_1_97' title='bbox 1217 1246 1355 1320; x_wconf 88' lang='lat' dir='ltr'>induant,</span> <span class='ocrx_word' id='word_1_98' title='bbox 1380 1265 1445 1306; x_wconf 90' lang='lat' dir='ltr'>om-</span> 
     </span>
     <span class='ocr_line' id='line_1_11' title="bbox 67 1329 1446 1410; baseline 0.004 -20"><span class='ocrx_word' id='word_1_99' title='bbox 67 1347 205 1407; x_wconf 87' lang='lat' dir='ltr'>nesque</span> <span class='ocrx_word' id='word_1_100' title='bbox 229 1337 259 1389; x_wconf 92' lang='lat' dir='ltr'>ct</span> <span class='ocrx_word' id='word_1_101' title='bbox 279 1329 411 1407; x_wconf 79' lang='lat' dir='ltr'>ninguine</span> <span class='ocrx_word' id='word_1_102' title='bbox 426 1333 463 1391; x_wconf 88' lang='lat' dir='ltr'>ad</span> <span class='ocrx_word' id='word_1_103' title='bbox 480 1350 567 1392; x_wconf 89' lang='lat' dir='ltr'>anam</span> <span class='ocrx_word' id='word_1_104' title='bbox 583 1333 763 1410; x_wconf 85' lang='lat' dir='ltr'>eandemque</span> <span class='ocrx_word' id='word_1_105' title='bbox 786 1335 908 1394; x_wconf 86' lang='lat' dir='ltr'>formam</span> <span class='ocrx_word' id='word_1_106' title='bbox 924 1335 1162 1409; x_wconf 82' lang='lat' dir='ltr'>ceremoniasque</span> <span class='ocrx_word' id='word_1_107' title='bbox 1184 1337 1294 1410; x_wconf 86' lang='lat' dir='ltr'>patrias</span> <span class='ocrx_word' id='word_1_108' title='bbox 1319 1329 1446 1396; x_wconf 85' lang='lat' dir='ltr'>obstrin-</span> 
     </span>
     <span class='ocr_line' id='line_1_12' title="bbox 69 1421 1447 1504; baseline 0.001 -26"><span class='ocrx_word' id='word_1_109' title='bbox 69 1427 172 1496; x_wconf 82' lang='lat' dir='ltr'>gant,</span> <span class='ocrx_word' id='word_1_110' title='bbox 198 1434 274 1494; x_wconf 87' lang='lat' dir='ltr'>quas</span> <span class='ocrx_word' id='word_1_111' title='bbox 299 1421 349 1494; x_wconf 89' lang='lat' dir='ltr'>qui</span> <span class='ocrx_word' id='word_1_112' title='bbox 373 1422 566 1494; x_wconf 86' lang='lat' dir='ltr'>contemserit,</span> <span class='ocrx_word' id='word_1_113' title='bbox 589 1421 741 1504; x_wconf 77' lang='lat' dir='ltr'>antelato</span> <span class='ocrx_word' id='word_1_114' title='bbox 764 1439 854 1498; x_wconf 84' lang='lat' dir='ltr'>passu</span> <span class='ocrx_word' id='word_1_115' title='bbox 877 1421 1100 1494; x_wconf 82' lang='lat' dir='ltr'>conculcaverit,</span> <span class='ocrx_word' id='word_1_116' title='bbox 1124 1423 1239 1480; x_wconf 87' lang='lat' dir='ltr'>etiamsi</span> <span class='ocrx_word' id='word_1_117' title='bbox 1261 1421 1344 1497; x_wconf 88' lang='lat' dir='ltr'>Reip.</span> <span class='ocrx_word' id='word_1_118' title='bbox 1360 1421 1447 1480; x_wconf 89' lang='lat' dir='ltr'>Prin-</span> 
     </span>
     <span class='ocr_line' id='line_1_13' title="bbox 70 1503 1446 1586; baseline 0.001 -20"><span class='ocrx_word' id='word_1_119' title='bbox 70 1524 156 1584; x_wconf 84' lang='lat' dir='ltr'>ceps</span> <span class='ocrx_word' id='word_1_120' title='bbox 184 1503 417 1582; x_wconf 83' lang='lat' dir='ltr'>amplissimique</span> <span class='ocrx_word' id='word_1_121' title='bbox 440 1506 556 1584; x_wconf 90' lang='lat' dir='ltr'>Imperii</span> <span class='ocrx_word' id='word_1_122' title='bbox 581 1507 726 1568; x_wconf 84' lang='lat' dir='ltr'>Dominus</span> <span class='ocrx_word' id='word_1_123' title='bbox 747 1511 846 1584; x_wconf 89' lang='lat' dir='ltr'>fuerit,</span> <span class='ocrx_word' id='word_1_124' title='bbox 871 1519 903 1568; x_wconf 90' lang='lat' dir='ltr'>ut</span> <span class='ocrx_word' id='word_1_125' title='bbox 926 1509 995 1568; x_wconf 92' lang='lat' dir='ltr'>olim</span> <span class='ocrx_word' id='word_1_126' title='bbox 1018 1508 1153 1568; x_wconf 82' lang='lat' dir='ltr'>Tiberius</span> <span class='ocrx_word' id='word_1_127' title='bbox 1177 1519 1278 1582; x_wconf 90' lang='lat' dir='ltr'>matre,</span> <span class='ocrx_word' id='word_1_128' title='bbox 1302 1517 1334 1567; x_wconf 91' lang='lat' dir='ltr'>ut</span> <span class='ocrx_word' id='word_1_129' title='bbox 1357 1508 1446 1586; x_wconf 79' lang='lat' dir='ltr'>CaJus</span> 
     </span>
     <span class='ocr_line' id='line_1_14' title="bbox 70 1593 1447 1674; baseline 0.001 -22"><span class='ocrx_word' id='word_1_130' title='bbox 70 1595 147 1653; x_wconf 87' lang='lat' dir='ltr'>frlia</span> <span class='ocrx_word' id='word_1_131' title='bbox 175 1593 301 1667; x_wconf 86' lang='lat' dir='ltr'>functis,</span> <span class='ocrx_word' id='word_1_132' title='bbox 330 1593 473 1654; x_wconf 87' lang='lat' dir='ltr'>absurdus</span> <span class='ocrx_word' id='word_1_133' title='bbox 504 1603 533 1654; x_wconf 88' lang='lat' dir='ltr'>et</span> <span class='ocrx_word' id='word_1_134' title='bbox 554 1597 682 1656; x_wconf 84' lang='lat' dir='ltr'>incivilis</span> <span class='ocrx_word' id='word_1_135' title='bbox 711 1597 858 1674; x_wconf 91' lang='lat' dir='ltr'>officiique</span> <span class='ocrx_word' id='word_1_136' title='bbox 881 1597 1031 1671; x_wconf 86' lang='lat' dir='ltr'>negligens</span> <span class='ocrx_word' id='word_1_137' title='bbox 1060 1599 1187 1654; x_wconf 89' lang='lat' dir='ltr'>omnium</span> <span class='ocrx_word' id='word_1_138' title='bbox 1210 1597 1355 1672; x_wconf 88' lang='lat' dir='ltr'>suffragiis</span> <span class='ocrx_word' id='word_1_139' title='bbox 1378 1613 1447 1672; x_wconf 92' lang='lat' dir='ltr'>pro-</span> 
     </span>
     <span class='ocr_line' id='line_1_15' title="bbox 73 1679 1447 1761; baseline 0.001 -19"><span class='ocrx_word' id='word_1_140' title='bbox 73 1683 291 1742; x_wconf 89' lang='lat' dir='ltr'>damnabttur.</span> <span class='ocrx_word' id='word_1_141' title='bbox 340 1679 459 1740; x_wconf 87' lang='lat' dir='ltr'>Scilicet</span> <span class='ocrx_word' id='word_1_142' title='bbox 490 1683 563 1742; x_wconf 89' lang='lat' dir='ltr'>haec</span> <span class='ocrx_word' id='word_1_143' title='bbox 600 1695 717 1744; x_wconf 83' lang='lat' dir='ltr'>externa</span> <span class='ocrx_word' id='word_1_144' title='bbox 752 1693 887 1761; x_wconf 84' lang='lat' dir='ltr'>gestuum</span> <span class='ocrx_word' id='word_1_145' title='bbox 923 1685 1020 1742; x_wconf 87' lang='lat' dir='ltr'>officia</span> <span class='ocrx_word' id='word_1_146' title='bbox 1058 1685 1272 1760; x_wconf 79' lang='lat' dir='ltr'>verborumque</span> <span class='ocrx_word' id='word_1_147' title='bbox 1312 1683 1447 1743; x_wconf 87' lang='lat' dir='ltr'>solennia</span> 
     </span>
     <span class='ocr_line' id='line_1_16' title="bbox 70 1768 1446 1848; baseline 0.001 -21"><span class='ocrx_word' id='word_1_148' title='bbox 70 1773 276 1847; x_wconf 86' lang='lat' dir='ltr'>privatorum</span> <span class='ocrx_word' id='word_1_149' title='bbox 307 1768 400 1826; x_wconf 91' lang='lat' dir='ltr'>oculis</span> <span class='ocrx_word' id='word_1_150' title='bbox 431 1777 460 1828; x_wconf 88' lang='lat' dir='ltr'>et</span> <span class='ocrx_word' id='word_1_151' title='bbox 485 1771 604 1830; x_wconf 87' lang='lat' dir='ltr'>auribus</span> <span class='ocrx_word' id='word_1_152' title='bbox 637 1770 791 1843; x_wconf 88' lang='lat' dir='ltr'>debentur,</span> <span class='ocrx_word' id='word_1_153' title='bbox 822 1787 897 1848; x_wconf 87' lang='lat' dir='ltr'>quos</span> <span class='ocrx_word' id='word_1_154' title='bbox 925 1770 1081 1830; x_wconf 88' lang='lat' dir='ltr'>verisimile</span> <span class='ocrx_word' id='word_1_155' title='bbox 1109 1780 1154 1830; x_wconf 88' lang='lat' dir='ltr'>est</span> <span class='ocrx_word' id='word_1_156' title='bbox 1182 1779 1273 1830; x_wconf 90' lang='lat' dir='ltr'>morte</span> <span class='ocrx_word' id='word_1_157' title='bbox 1305 1773 1446 1830; x_wconf 87' lang='lat' dir='ltr'>carissimi</span> 
     </span>
     <span class='ocr_line' id='line_1_17' title="bbox 71 1855 1446 1933; baseline 0.001 -17"><span class='ocrx_word' id='word_1_158' title='bbox 71 1857 297 1918; x_wconf 79' lang='lat' dir='ltr'>vehementius</span> <span class='ocrx_word' id='word_1_159' title='bbox 314 1873 376 1916; x_wconf 83' lang='lat' dir='ltr'>esso</span> <span class='ocrx_word' id='word_1_160' title='bbox 391 1855 549 1932; x_wconf 87' lang='lat' dir='ltr'>perculsos.</span> <span class='ocrx_word' id='word_1_161' title='bbox 587 1857 621 1916; x_wconf 95' lang='lat' dir='ltr'>In</span> <span class='ocrx_word' id='word_1_162' title='bbox 645 1859 814 1919; x_wconf 81' lang='lat' dir='ltr'>funebribus</span> <span class='ocrx_word' id='word_1_163' title='bbox 837 1876 905 1918; x_wconf 83' lang='lat' dir='ltr'>vero</span> <span class='ocrx_word' id='word_1_164' title='bbox 929 1858 1156 1931; x_wconf 83' lang='lat' dir='ltr'>laudationibus,</span> <span class='ocrx_word' id='word_1_165' title='bbox 1180 1875 1256 1933; x_wconf 88' lang='lat' dir='ltr'>quae</span> <span class='ocrx_word' id='word_1_166' title='bbox 1279 1856 1317 1917; x_wconf 90' lang='lat' dir='ltr'>ad</span> <span class='ocrx_word' id='word_1_167' title='bbox 1332 1865 1446 1918; x_wconf 92' lang='lat' dir='ltr'>coetum</span> 
     </span>
     <span class='ocr_line' id='line_1_18' title="bbox 71 1945 1445 2023; baseline 0.001 -19"><span class='ocrx_word' id='word_1_168' title='bbox 71 1948 264 2004; x_wconf 85' lang='lat' dir='ltr'>universum</span> <span class='ocrx_word' id='word_1_169' title='bbox 287 1945 441 2020; x_wconf 88' lang='lat' dir='ltr'>pertinent,</span> <span class='ocrx_word' id='word_1_170' title='bbox 466 1946 538 2004; x_wconf 92' lang='lat' dir='ltr'>vitio</span> <span class='ocrx_word' id='word_1_171' title='bbox 561 1947 663 2004; x_wconf 89' lang='lat' dir='ltr'>merito</span> <span class='ocrx_word' id='word_1_172' title='bbox 688 1946 781 2020; x_wconf 89' lang='lat' dir='ltr'>datur,</span> <span class='ocrx_word' id='word_1_173' title='bbox 805 1949 829 2006; x_wconf 87' lang='lat' dir='ltr'>si</span> <span class='ocrx_word' id='word_1_174' title='bbox 854 1945 922 2023; x_wconf 88' lang='lat' dir='ltr'>qnid</span> <span class='ocrx_word' id='word_1_175' title='bbox 946 1963 965 2004; x_wconf 89' lang='lat' dir='ltr'>a</span> <span class='ocrx_word' id='word_1_176' title='bbox 987 1945 1152 2006; x_wconf 90' lang='lat' dir='ltr'>conditione</span> <span class='ocrx_word' id='word_1_177' title='bbox 1174 1948 1225 2018; x_wconf 86' lang='lat' dir='ltr'>rei,</span> <span class='ocrx_word' id='word_1_178' title='bbox 1254 1963 1342 2020; x_wconf 89' lang='lat' dir='ltr'>quern</span> <span class='ocrx_word' id='word_1_179' title='bbox 1365 1946 1445 2006; x_wconf 90' lang='lat' dir='ltr'>ceie-</span> 
     </span>
     <span class='ocr_line' id='line_1_19' title="bbox 72 2031 1442 2110; baseline 0.001 -18"><span class='ocrx_word' id='word_1_180' title='bbox 72 2031 236 2093; x_wconf 84' lang='lat' dir='ltr'>brandam</span> <span class='ocrx_word' id='word_1_181' title='bbox 259 2033 453 2104; x_wconf 88' lang='lat' dir='ltr'>instituimus,</span> <span class='ocrx_word' id='word_1_182' title='bbox 485 2033 522 2090; x_wconf 90' lang='lat' dir='ltr'>ad</span> <span class='ocrx_word' id='word_1_183' title='bbox 553 2035 733 2110; x_wconf 87' lang='lat' dir='ltr'>privatorum</span> <span class='ocrx_word' id='word_1_184' title='bbox 763 2033 872 2095; x_wconf 90' lang='lat' dir='ltr'>luctum</span> <span class='ocrx_word' id='word_1_185' title='bbox 898 2033 1084 2109; x_wconf 88' lang='lat' dir='ltr'>doloremque</span> <span class='ocrx_word' id='word_1_186' title='bbox 1108 2032 1235 2092; x_wconf 88' lang='lat' dir='ltr'>deflectit</span> <span class='ocrx_word' id='word_1_187' title='bbox 1259 2032 1442 2094; x_wconf 82' lang='lat' dir='ltr'>declamatio.</span> 
     </span>
     <span class='ocr_line' id='line_1_20' title="bbox 71 2118 1440 2197; baseline -0.001 -17"><span class='ocrx_word' id='word_1_188' title='bbox 71 2121 164 2180; x_wconf 85' lang='lat' dir='ltr'>Nam</span> <span class='ocrx_word' id='word_1_189' title='bbox 197 2127 232 2177; x_wconf 91' lang='lat' dir='ltr'>ut</span> <span class='ocrx_word' id='word_1_190' title='bbox 253 2135 365 2178; x_wconf 89' lang='lat' dir='ltr'>morum</span> <span class='ocrx_word' id='word_1_191' title='bbox 394 2127 422 2178; x_wconf 90' lang='lat' dir='ltr'>et</span> <span class='ocrx_word' id='word_1_192' title='bbox 453 2124 679 2180; x_wconf 87' lang='lat' dir='ltr'>ceremoniarum</span> <span class='ocrx_word' id='word_1_193' title='bbox 708 2121 870 2181; x_wconf 79' lang='lat' dir='ltr'>funebrium</span> <span class='ocrx_word' id='word_1_194' title='bbox 900 2120 1040 2197; x_wconf 89' lang='lat' dir='ltr'>populus,</span> <span class='ocrx_word' id='word_1_195' title='bbox 1073 2122 1115 2180; x_wconf 89' lang='lat' dir='ltr'>sic</span> <span class='ocrx_word' id='word_1_196' title='bbox 1142 2121 1284 2180; x_wconf 87' lang='lat' dir='ltr'>sermonis</span> <span class='ocrx_word' id='word_1_197' title='bbox 1312 2118 1440 2180; x_wconf 89' lang='lat' dir='ltr'>habendi</span> 
     </span>
     <span class='ocr_line' id='line_1_21' title="bbox 72 2208 1442 2286; baseline -0.001 -18"><span class='ocrx_word' id='word_1_198' title='bbox 72 2216 190 2282; x_wconf 71' lang='lat' dir='ltr'>orator</span> <span class='ocrx_word' id='word_1_199' title='bbox 215 2209 288 2282; x_wconf 88' lang='lat' dir='ltr'>ipse,</span> <span class='ocrx_word' id='word_1_200' title='bbox 312 2223 397 2282; x_wconf 87' lang='lat' dir='ltr'>quem</span> <span class='ocrx_word' id='word_1_201' title='bbox 421 2212 451 2266; x_wconf 89' lang='lat' dir='ltr'>et</span> <span class='ocrx_word' id='word_1_202' title='bbox 465 2210 626 2283; x_wconf 87' lang='lat' dir='ltr'>sapientem</span> <span class='ocrx_word' id='word_1_203' title='bbox 643 2216 672 2268; x_wconf 89' lang='lat' dir='ltr'>et</span> <span class='ocrx_word' id='word_1_204' title='bbox 687 2209 891 2286; x_wconf 84' lang='lat' dir='ltr'>philosophiae</span> <span class='ocrx_word' id='word_1_205' title='bbox 907 2208 1068 2268; x_wconf 86' lang='lat' dir='ltr'>studiosum</span> <span class='ocrx_word' id='word_1_206' title='bbox 1091 2224 1155 2266; x_wconf 86' lang='lat' dir='ltr'>eaeo</span> <span class='ocrx_word' id='word_1_207' title='bbox 1171 2210 1315 2280; x_wconf 85' lang='lat' dir='ltr'>conuenit,</span> <span class='ocrx_word' id='word_1_208' title='bbox 1339 2210 1442 2267; x_wconf 88' lang='lat' dir='ltr'>urricus</span> 
     </span>
     <span class='ocr_line' id='line_1_22' title="bbox 72 2293 1443 2373; baseline -0.002 -17"><span class='ocrx_word' id='word_1_209' title='bbox 72 2304 127 2356; x_wconf 85' lang='lat' dir='ltr'>est</span> <span class='ocrx_word' id='word_1_210' title='bbox 154 2297 299 2370; x_wconf 87' lang='lat' dir='ltr'>magister</span> <span class='ocrx_word' id='word_1_211' title='bbox 322 2303 351 2352; x_wconf 90' lang='lat' dir='ltr'>et</span> <span class='ocrx_word' id='word_1_212' title='bbox 373 2293 576 2354; x_wconf 85' lang='lat' dir='ltr'>conformator.</span> <span class='ocrx_word' id='word_1_213' title='bbox 623 2294 770 2370; x_wconf 90' lang='lat' dir='ltr'>Quantum</span> <span class='ocrx_word' id='word_1_214' title='bbox 794 2299 882 2373; x_wconf 90' lang='lat' dir='ltr'>igitur</span> <span class='ocrx_word' id='word_1_215' title='bbox 904 2298 1023 2355; x_wconf 89' lang='lat' dir='ltr'>interest</span> <span class='ocrx_word' id='word_1_216' title='bbox 1045 2297 1118 2354; x_wconf 89' lang='lat' dir='ltr'>inter</span> <span class='ocrx_word' id='word_1_217' title='bbox 1141 2296 1303 2370; x_wconf 88' lang='lat' dir='ltr'>imperitam</span> <span class='ocrx_word' id='word_1_218' title='bbox 1326 2293 1443 2371; x_wconf 89' lang='lat' dir='ltr'>plebem</span> 
     </span>
     <span class='ocr_line' id='line_1_23' title="bbox 73 2379 1444 2460; baseline -0.001 -19"><span class='ocrx_word' id='word_1_219' title='bbox 73 2393 107 2442; x_wconf 89' lang='lat' dir='ltr'>et</span> <span class='ocrx_word' id='word_1_220' title='bbox 134 2381 362 2460; x_wconf 85' lang='lat' dir='ltr'>philosopham,</span> <span class='ocrx_word' id='word_1_221' title='bbox 387 2379 551 2442; x_wconf 86' lang='lat' dir='ltr'>divinarum</span> <span class='ocrx_word' id='word_1_222' title='bbox 571 2383 822 2460; x_wconf 68' lang='lat' dir='ltr'>&#39;humanarumque</span> <span class='ocrx_word' id='word_1_223' title='bbox 845 2399 939 2443; x_wconf 90' lang='lat' dir='ltr'>rernm</span> <span class='ocrx_word' id='word_1_224' title='bbox 961 2380 1098 2458; x_wconf 87' lang='lat' dir='ltr'>gnarum,</span> <span class='ocrx_word' id='word_1_225' title='bbox 1122 2388 1235 2440; x_wconf 91' lang='lat' dir='ltr'>tantum</span> <span class='ocrx_word' id='word_1_226' title='bbox 1258 2384 1346 2442; x_wconf 89' lang='lat' dir='ltr'>etiam</span> <span class='ocrx_word' id='word_1_227' title='bbox 1368 2383 1444 2442; x_wconf 85' lang='lat' dir='ltr'>inter</span> 
     </span>
     <span class='ocr_line' id='line_1_24' title="bbox 71 2468 1442 2547; baseline -0.001 -17"><span class='ocrx_word' id='word_1_228' title='bbox 71 2471 294 2538; x_wconf 81' lang='lat' dir='ltr'>solennitates,</span> <span class='ocrx_word' id='word_1_229' title='bbox 318 2469 400 2544; x_wconf 86' lang='lat' dir='ltr'>vulgi</span> <span class='ocrx_word' id='word_1_230' title='bbox 422 2469 612 2530; x_wconf 84' lang='lat' dir='ltr'>delinimenta</span> <span class='ocrx_word' id='word_1_231' title='bbox 634 2470 793 2545; x_wconf 91' lang='lat' dir='ltr'>oculorum,</span> <span class='ocrx_word' id='word_1_232' title='bbox 817 2473 948 2547; x_wconf 87' lang='lat' dir='ltr'>interque</span> <span class='ocrx_word' id='word_1_233' title='bbox 972 2472 1131 2529; x_wconf 88' lang='lat' dir='ltr'>orationem</span> <span class='ocrx_word' id='word_1_234' title='bbox 1148 2468 1313 2528; x_wconf 87' lang='lat' dir='ltr'>erudiendis</span> <span class='ocrx_word' id='word_1_235' title='bbox 1337 2471 1442 2530; x_wconf 90' lang='lat' dir='ltr'>animis</span> 
     </span>
     <span class='ocr_line' id='line_1_25' title="bbox 73 2556 1443 2634; baseline -0.001 -16"><span class='ocrx_word' id='word_1_236' title='bbox 73 2565 292 2634; x_wconf 86' lang='lat' dir='ltr'>comparatam</span> <span class='ocrx_word' id='word_1_237' title='bbox 316 2557 454 2615; x_wconf 87' lang='lat' dir='ltr'>interesse</span> <span class='ocrx_word' id='word_1_238' title='bbox 482 2573 536 2632; x_wconf 91' lang='lat' dir='ltr'>par</span> <span class='ocrx_word' id='word_1_239' title='bbox 558 2565 618 2616; x_wconf 86' lang='lat' dir='ltr'>est:</span> <span class='ocrx_word' id='word_1_240' title='bbox 648 2565 680 2616; x_wconf 90' lang='lat' dir='ltr'>nt</span> <span class='ocrx_word' id='word_1_241' title='bbox 710 2557 768 2617; x_wconf 90' lang='lat' dir='ltr'>iliis</span> <span class='ocrx_word' id='word_1_242' title='bbox 796 2557 912 2634; x_wconf 86' lang='lat' dir='ltr'>quidem</span> <span class='ocrx_word' id='word_1_243' title='bbox 935 2557 1058 2618; x_wconf 86' lang='lat' dir='ltr'>affectus</span> <span class='ocrx_word' id='word_1_244' title='bbox 1079 2559 1314 2632; x_wconf 86' lang='lat' dir='ltr'>maestitiamque</span> <span class='ocrx_word' id='word_1_245' title='bbox 1337 2556 1443 2617; x_wconf 90' lang='lat' dir='ltr'>mulie·</span> 
     </span>
     <span class='ocr_line' id='line_1_26' title="bbox 73 2643 1441 2725; baseline -0.001 -21"><span class='ocrx_word' id='word_1_246' title='bbox 73 2647 170 2706; x_wconf 90' lang='lat' dir='ltr'>brern</span> <span class='ocrx_word' id='word_1_247' title='bbox 195 2651 228 2703; x_wconf 91' lang='lat' dir='ltr'>et</span> <span class='ocrx_word' id='word_1_248' title='bbox 248 2644 441 2704; x_wconf 84' lang='lat' dir='ltr'>lacrumarum</span> <span class='ocrx_word' id='word_1_249' title='bbox 470 2644 577 2704; x_wconf 88' lang='lat' dir='ltr'>imbres</span> <span class='ocrx_word' id='word_1_250' title='bbox 609 2644 715 2725; x_wconf 87' lang='lat' dir='ltr'>ocrrlis,</span> <span class='ocrx_word' id='word_1_251' title='bbox 747 2647 986 2722; x_wconf 87' lang='lat' dir='ltr'>singultuumqua</span> <span class='ocrx_word' id='word_1_252' title='bbox 1010 2645 1160 2704; x_wconf 90' lang='lat' dir='ltr'>conflictus</span> <span class='ocrx_word' id='word_1_253' title='bbox 1184 2645 1303 2703; x_wconf 89' lang='lat' dir='ltr'>auribus</span> <span class='ocrx_word' id='word_1_254' title='bbox 1327 2643 1441 2716; x_wconf 87' lang='lat' dir='ltr'>obvios,</span> 
     </span>
     <span class='ocr_line' id='line_1_27' title="bbox 73 2730 1443 2810; baseline -0.001 -18"><span class='ocrx_word' id='word_1_255' title='bbox 73 2733 139 2792; x_wconf 86' lang='lat' dir='ltr'>hac</span> <span class='ocrx_word' id='word_1_256' title='bbox 168 2747 242 2790; x_wconf 85' lang='lat' dir='ltr'>vero</span> <span class='ocrx_word' id='word_1_257' title='bbox 271 2733 414 2790; x_wconf 89' lang='lat' dir='ltr'>sincerum</span> <span class='ocrx_word' id='word_1_258' title='bbox 446 2733 535 2790; x_wconf 88' lang='lat' dir='ltr'>animi</span> <span class='ocrx_word' id='word_1_259' title='bbox 565 2730 655 2791; x_wconf 87' lang='lat' dir='ltr'>virilis</span> <span class='ocrx_word' id='word_1_260' title='bbox 682 2731 823 2810; x_wconf 88' lang='lat' dir='ltr'>judicium</span> <span class='ocrx_word' id='word_1_261' title='bbox 847 2740 875 2794; x_wconf 90' lang='lat' dir='ltr'>et</span> <span class='ocrx_word' id='word_1_262' title='bbox 897 2733 964 2808; x_wconf 87' lang='lat' dir='ltr'>illa,</span> <span class='ocrx_word' id='word_1_263' title='bbox 994 2749 1069 2808; x_wconf 91' lang='lat' dir='ltr'>qnae</span> <span class='ocrx_word' id='word_1_264' title='bbox 1099 2730 1192 2792; x_wconf 88' lang='lat' dir='ltr'>soiius</span> <span class='ocrx_word' id='word_1_265' title='bbox 1220 2733 1324 2791; x_wconf 90' lang='lat' dir='ltr'>mentis</span> <span class='ocrx_word' id='word_1_266' title='bbox 1348 2730 1443 2792; x_wconf 89' lang='lat' dir='ltr'>oculis</span> 
     </span>
     <span class='ocr_line' id='line_1_28' title="bbox 74 2821 1156 2897; baseline -0.008 -10"><span class='ocrx_word' id='word_1_267' title='bbox 74 2832 257 2896; x_wconf 88' lang='lat' dir='ltr'>cernuntur,</span> <span class='ocrx_word' id='word_1_268' title='bbox 280 2821 483 2897; x_wconf 87' lang='lat' dir='ltr'>exprimamus.</span> <span class='ocrx_word' id='word_1_269' title='bbox 1154 2826 1156 2834; x_wconf 89' lang='lat'>&#39;</span> 
     </span>
    </p>

    <p class='ocr_par' dir='ltr' id='par_1_3' title="bbox 1 2905 1510 4915">
     <span class='ocr_line' id='line_1_29' title="bbox 195 2905 1510 2983; baseline -0.002 -15"><span class='ocrx_word' id='word_1_270' title='bbox 195 2909 253 2968; x_wconf 85' lang='lat' dir='ltr'>His</span> <span class='ocrx_word' id='word_1_271' title='bbox 276 2923 331 2982; x_wconf 84' lang='lat' dir='ltr'>ego</span> <span class='ocrx_word' id='word_1_272' title='bbox 354 2907 516 2983; x_wconf 87' lang='lat' dir='ltr'>praeceptis</span> <span class='ocrx_word' id='word_1_273' title='bbox 539 2908 695 2967; x_wconf 87' lang='lat' dir='ltr'>instructus</span> <span class='ocrx_word' id='word_1_274' title='bbox 718 2907 785 2968; x_wconf 91' lang='lat' dir='ltr'>dum</span> <span class='ocrx_word' id='word_1_275' title='bbox 802 2905 838 2966; x_wconf 89' lang='lat' dir='ltr'>ad</span> <span class='ocrx_word' id='word_1_276' title='bbox 855 2907 1078 2983; x_wconf 86' lang='lat' dir='ltr'>descriptionem</span> <span class='ocrx_word' id='word_1_277' title='bbox 1101 2907 1180 2965; x_wconf 88' lang='lat' dir='ltr'>ritae</span> <span class='ocrx_word' id='word_1_278' title='bbox 1195 2906 1353 2983; x_wconf 89' lang='lat' dir='ltr'>mortisque</span> <span class='ocrx_word' id='word_1_279' title='bbox 1369 2921 1443 2983; x_wconf 88' lang='lat' dir='ltr'>gen·</span> <span class='ocrx_word' id='word_1_280' title='bbox 1509 2921 1510 2925; x_wconf 70' lang='grc'>’</span> 
     </span>
     <span class='ocr_line' id='line_1_30' title="bbox 74 2991 1444 3071; baseline -0.006 -11"><span class='ocrx_word' id='word_1_281' title='bbox 74 2999 145 3060; x_wconf 84' lang='lat' dir='ltr'>tilis</span> <span class='ocrx_word' id='word_1_282' title='bbox 163 2999 268 3070; x_wconf 82' lang='lat' dir='ltr'>vostri,</span> <span class='ocrx_word' id='word_1_283' title='bbox 291 2993 470 3070; x_wconf 76' lang='lat' dir='ltr'>wolfgangi,</span> <span class='ocrx_word' id='word_1_284' title='bbox 495 2992 570 3054; x_wconf 87' lang='lat' dir='ltr'>Gen.</span> <span class='ocrx_word' id='word_1_285' title='bbox 587 2994 727 3070; x_wconf 85' lang='lat' dir='ltr'>Berones,</span> <span class='ocrx_word' id='word_1_286' title='bbox 749 2997 878 3054; x_wconf 84' lang='lat' dir='ltr'>animum</span> <span class='ocrx_word' id='word_1_287' title='bbox 893 2995 1019 3071; x_wconf 89' lang='lat' dir='ltr'>applico,</span> <span class='ocrx_word' id='word_1_288' title='bbox 1042 3010 1100 3052; x_wconf 89' lang='lat' dir='ltr'>non</span> <span class='ocrx_word' id='word_1_289' title='bbox 1123 2993 1292 3052; x_wconf 89' lang='lat' dir='ltr'>facillimam</span> <span class='ocrx_word' id='word_1_290' title='bbox 1308 2991 1444 3070; x_wconf 85' lang='lat' dir='ltr'>expe&#39;rtue</span> 
     </span>
     <span class='ocr_line' id='line_1_31' title="bbox 74 3080 1443 3158; baseline -0.006 -11"><span class='ocrx_word' id='word_1_291' title='bbox 74 3105 150 3147; x_wconf 89' lang='lat' dir='ltr'>sum</span> <span class='ocrx_word' id='word_1_292' title='bbox 178 3082 430 3154; x_wconf 87' lang='lat' dir='ltr'>deliberationem,</span> <span class='ocrx_word' id='word_1_293' title='bbox 453 3081 644 3156; x_wconf 89' lang='lat' dir='ltr'>lugubremne</span> <span class='ocrx_word' id='word_1_294' title='bbox 660 3099 697 3140; x_wconf 91' lang='lat' dir='ltr'>an</span> <span class='ocrx_word' id='word_1_295' title='bbox 714 3081 918 3157; x_wconf 84' lang='lat' dir='ltr'>triumphalem</span> <span class='ocrx_word' id='word_1_296' title='bbox 938 3083 1035 3158; x_wconf 88' lang='lat' dir='ltr'>potius</span> <span class='ocrx_word' id='word_1_297' title='bbox 1050 3080 1204 3156; x_wconf 89' lang='lat' dir='ltr'>perorandi</span> <span class='ocrx_word' id='word_1_298' title='bbox 1227 3084 1306 3140; x_wconf 86' lang='lat' dir='ltr'>riam</span> <span class='ocrx_word' id='word_1_299' title='bbox 1328 3081 1443 3158; x_wconf 88' lang='lat' dir='ltr'>ingredi</span> 
     </span>
     <span class='ocr_line' id='line_1_32' title="bbox 75 3167 1443 3246; baseline -0.007 -10"><span class='ocrx_word' id='word_1_300' title='bbox 75 3170 270 3236; x_wconf 78' lang='lat' dir='ltr'>conveniat?</span> <span class='ocrx_word' id='word_1_301' title='bbox 298 3170 373 3229; x_wconf 88' lang='lat' dir='ltr'>Nam</span> <span class='ocrx_word' id='word_1_302' title='bbox 396 3171 429 3242; x_wconf 87' lang='lat' dir='ltr'>st,</span> <span class='ocrx_word' id='word_1_303' title='bbox 453 3167 532 3244; x_wconf 90' lang='lat' dir='ltr'>quod</span> <span class='ocrx_word' id='word_1_304' title='bbox 554 3168 695 3245; x_wconf 88' lang='lat' dir='ltr'>praedixi,</span> <span class='ocrx_word' id='word_1_305' title='bbox 717 3169 893 3246; x_wconf 84' lang='lat' dir='ltr'>respondere</span> <span class='ocrx_word' id='word_1_306' title='bbox 915 3169 1003 3228; x_wconf 88' lang='lat' dir='ltr'>debet</span> <span class='ocrx_word' id='word_1_307' title='bbox 1025 3169 1118 3227; x_wconf 88' lang='lat' dir='ltr'>oratio</span> <span class='ocrx_word' id='word_1_308' title='bbox 1141 3170 1201 3246; x_wconf 87' lang='lat' dir='ltr'>rei,</span> <span class='ocrx_word' id='word_1_309' title='bbox 1224 3167 1296 3228; x_wconf 92' lang='lat' dir='ltr'>nihil</span> <span class='ocrx_word' id='word_1_310' title='bbox 1319 3171 1349 3226; x_wconf 92' lang='lat' dir='ltr'>in</span> <span class='ocrx_word' id='word_1_311' title='bbox 1372 3171 1443 3240; x_wconf 89' lang='lat' dir='ltr'>vita,</span> 
     </span>
     <span class='ocr_line' id='line_1_33' title="bbox 74 3255 1443 3333; baseline -0.005 -12"><span class='ocrx_word' id='word_1_312' title='bbox 74 3260 161 3321; x_wconf 89' lang='lat' dir='ltr'>nibil</span> <span class='ocrx_word' id='word_1_313' title='bbox 187 3263 218 3316; x_wconf 92' lang='lat' dir='ltr'>in</span> <span class='ocrx_word' id='word_1_314' title='bbox 240 3265 333 3317; x_wconf 89' lang='lat' dir='ltr'>morta</span> <span class='ocrx_word' id='word_1_315' title='bbox 356 3257 572 3333; x_wconf 89' lang='lat' dir='ltr'>generosissimi</span> <span class='ocrx_word' id='word_1_316' title='bbox 594 3256 700 3316; x_wconf 85' lang='lat' dir='ltr'>Heraia</span> <span class='ocrx_word' id='word_1_317' title='bbox 723 3255 829 3317; x_wconf 89' lang='lat' dir='ltr'>accidit</span> <span class='ocrx_word' id='word_1_318' title='bbox 850 3255 1054 3330; x_wconf 87' lang='lat' dir='ltr'>lamentabils;</span> <span class='ocrx_word' id='word_1_319' title='bbox 1078 3257 1207 3315; x_wconf 87' lang='lat' dir='ltr'>continet</span> <span class='ocrx_word' id='word_1_320' title='bbox 1221 3256 1272 3314; x_wconf 88' lang='lat' dir='ltr'>illa</span> <span class='ocrx_word' id='word_1_321' title='bbox 1294 3255 1443 3316; x_wconf 88' lang='lat' dir='ltr'>felicitatis</span> 
     </span>
     <span class='ocr_line' id='line_1_34' title="bbox 75 3341 1442 3421; baseline -0.004 -13"><span class='ocrx_word' id='word_1_322' title='bbox 75 3343 260 3408; x_wconf 88' lang='lat' dir='ltr'>mundanas</span> <span class='ocrx_word' id='word_1_323' title='bbox 287 3361 352 3404; x_wconf 89' lang='lat' dir='ltr'>curn</span> <span class='ocrx_word' id='word_1_324' title='bbox 375 3359 427 3421; x_wconf 89' lang='lat' dir='ltr'>spe</span> <span class='ocrx_word' id='word_1_325' title='bbox 450 3343 565 3403; x_wconf 86' lang='lat' dir='ltr'>futurae</span> <span class='ocrx_word' id='word_1_326' title='bbox 587 3345 775 3420; x_wconf 87' lang='lat' dir='ltr'>conjunctae,</span> <span class='ocrx_word' id='word_1_327' title='bbox 803 3345 932 3404; x_wconf 87' lang='lat' dir='ltr'>continet</span> <span class='ocrx_word' id='word_1_328' title='bbox 953 3345 1010 3403; x_wconf 89' lang='lat' dir='ltr'>ista</span> <span class='ocrx_word' id='word_1_329' title='bbox 1032 3345 1110 3400; x_wconf 87' lang='lat' dir='ltr'>mitis</span> <span class='ocrx_word' id='word_1_330' title='bbox 1133 3350 1162 3402; x_wconf 89' lang='lat' dir='ltr'>et</span> <span class='ocrx_word' id='word_1_331' title='bbox 1185 3341 1323 3418; x_wconf 84' lang='lat' dir='ltr'>optabilis</span> <span class='ocrx_word' id='word_1_332' title='bbox 1346 3345 1442 3402; x_wconf 86' lang='lat' dir='ltr'>eritas</span> 
     </span>
     <span class='ocr_line' id='line_1_35' title="bbox 75 3429 1441 3508; baseline -0.007 -10"><span class='ocrx_word' id='word_1_333' title='bbox 75 3455 117 3498; x_wconf 88' lang='lat' dir='ltr'>cx</span> <span class='ocrx_word' id='word_1_334' title='bbox 150 3436 213 3494; x_wconf 89' lang='lat' dir='ltr'>hac</span> <span class='ocrx_word' id='word_1_335' title='bbox 242 3431 389 3492; x_wconf 86' lang='lat' dir='ltr'>mundana</span> <span class='ocrx_word' id='word_1_336' title='bbox 426 3433 486 3490; x_wconf 85' lang='lat' dir='ltr'>vita</span> <span class='ocrx_word' id='word_1_337' title='bbox 526 3433 723 3508; x_wconf 84' lang='lat' dir='ltr'>transitusque</span> <span class='ocrx_word' id='word_1_338' title='bbox 750 3433 779 3489; x_wconf 93' lang='lat' dir='ltr'>in</span> <span class='ocrx_word' id='word_1_339' title='bbox 811 3431 967 3493; x_wconf 86' lang='lat' dir='ltr'>coelestem</span> <span class='ocrx_word' id='word_1_340' title='bbox 1004 3429 1168 3506; x_wconf 87' lang='lat' dir='ltr'>exemplam</span> <span class='ocrx_word' id='word_1_341' title='bbox 1202 3429 1441 3490; x_wconf 87' lang='lat' dir='ltr'>illustrissimum.</span> 
     </span>
     <span class='ocr_line' id='line_1_36' title="bbox 76 3517 1443 3598; baseline -0.005 -14"><span class='ocrx_word' id='word_1_342' title='bbox 76 3526 162 3584; x_wconf 81' lang='lat' dir='ltr'>Erat</span> <span class='ocrx_word' id='word_1_343' title='bbox 186 3525 247 3580; x_wconf 86' lang='lat' dir='ltr'>ista</span> <span class='ocrx_word' id='word_1_344' title='bbox 269 3520 304 3580; x_wconf 93' lang='lat' dir='ltr'>de</span> <span class='ocrx_word' id='word_1_345' title='bbox 327 3521 482 3596; x_wconf 87' lang='lat' dir='ltr'>superstite</span> <span class='ocrx_word' id='word_1_346' title='bbox 505 3518 584 3578; x_wconf 89' lang='lat' dir='ltr'>fame</span> <span class='ocrx_word' id='word_1_347' title='bbox 606 3521 685 3577; x_wconf 87' lang='lat' dir='ltr'>inter</span> <span class='ocrx_word' id='word_1_348' title='bbox 702 3518 960 3598; x_wconf 87' lang='lat' dir='ltr'>prudentissimos,</span> <span class='ocrx_word' id='word_1_349' title='bbox 989 3517 1091 3577; x_wconf 90' lang='lat' dir='ltr'>eadem</span> <span class='ocrx_word' id='word_1_350' title='bbox 1114 3517 1294 3578; x_wconf 88' lang='lat' dir='ltr'>deficientem</span> <span class='ocrx_word' id='word_1_351' title='bbox 1318 3521 1443 3578; x_wconf 92' lang='lat' dir='ltr'>comita·</span> 
     </span>
     <span class='ocr_line' id='line_1_37' title="bbox 74 3605 1449 3683; baseline -0.007 -11"><span class='ocrx_word' id='word_1_352' title='bbox 74 3615 195 3682; x_wconf 86' lang='lat' dir='ltr'>batur,</span> <span class='ocrx_word' id='word_1_353' title='bbox 227 3607 328 3668; x_wconf 89' lang='lat' dir='ltr'>eadem</span> <span class='ocrx_word' id='word_1_354' title='bbox 358 3607 483 3682; x_wconf 87' lang='lat' dir='ltr'>deniqne</span> <span class='ocrx_word' id='word_1_355' title='bbox 512 3613 542 3666; x_wconf 88' lang='lat' dir='ltr'>et</span> <span class='ocrx_word' id='word_1_356' title='bbox 568 3613 683 3666; x_wconf 88' lang='lat' dir='ltr'>mortno</span> <span class='ocrx_word' id='word_1_357' title='bbox 711 3610 861 3683; x_wconf 82' lang='lat' dir='ltr'>vitamque</span> <span class='ocrx_word' id='word_1_358' title='bbox 882 3605 995 3666; x_wconf 88' lang='lat' dir='ltr'>felicem</span> <span class='ocrx_word' id='word_1_359' title='bbox 1018 3605 1075 3665; x_wconf 85' lang='lat' dir='ltr'>fine</span> <span class='ocrx_word' id='word_1_360' title='bbox 1097 3621 1156 3664; x_wconf 93' lang='lat' dir='ltr'>non</span> <span class='ocrx_word' id='word_1_361' title='bbox 1178 3605 1256 3664; x_wconf 87' lang='lat' dir='ltr'>malo</span> <span class='ocrx_word' id='word_1_362' title='bbox 1280 3605 1449 3665; x_wconf 81' lang='lat' dir='ltr'>terminasti</span> 
     </span>
     <span class='ocr_line' id='line_1_38' title="bbox 75 3693 1444 3776; baseline -0.004 -18"><span class='ocrx_word' id='word_1_363' title='bbox 75 3703 242 3776; x_wconf 87' lang='lat' dir='ltr'>superstas</span> <span class='ocrx_word' id='word_1_364' title='bbox 265 3695 350 3754; x_wconf 89' lang='lat' dir='ltr'>durat</span> <span class='ocrx_word' id='word_1_365' title='bbox 372 3697 400 3752; x_wconf 92' lang='lat' dir='ltr'>ln</span> <span class='ocrx_word' id='word_1_366' title='bbox 424 3711 523 3754; x_wconf 89' lang='lat' dir='ltr'>corum</span> <span class='ocrx_word' id='word_1_367' title='bbox 546 3696 660 3768; x_wconf 88' lang='lat' dir='ltr'>animis,</span> <span class='ocrx_word' id='word_1_368' title='bbox 684 3695 734 3770; x_wconf 89' lang='lat' dir='ltr'>qni</span> <span class='ocrx_word' id='word_1_369' title='bbox 750 3697 819 3754; x_wconf 87' lang='lat' dir='ltr'>vivo</span> <span class='ocrx_word' id='word_1_370' title='bbox 842 3693 1022 3758; x_wconf 73' lang='lat' dir='ltr'>familiaritas</span> <span class='ocrx_word' id='word_1_371' title='bbox 1044 3695 1090 3752; x_wconf 90' lang='lat' dir='ltr'>nsi</span> <span class='ocrx_word' id='word_1_372' title='bbox 1111 3699 1179 3752; x_wconf 88' lang='lat' dir='ltr'>saut</span> <span class='ocrx_word' id='word_1_373' title='bbox 1199 3693 1308 3768; x_wconf 88' lang='lat' dir='ltr'>quique</span> <span class='ocrx_word' id='word_1_374' title='bbox 1331 3699 1444 3753; x_wconf 89' lang='lat' dir='ltr'>tanturn</span> 
     </span>
     <span class='ocr_line' id='line_1_39' title="bbox 77 3778 1442 3858; baseline -0.007 -10"><span class='ocrx_word' id='word_1_375' title='bbox 77 3804 157 3848; x_wconf 89' lang='lat' dir='ltr'>eum</span> <span class='ocrx_word' id='word_1_376' title='bbox 184 3789 335 3843; x_wconf 85' lang='lat' dir='ltr'>noverant.</span> <span class='ocrx_word' id='word_1_377' title='bbox 383 3779 515 3858; x_wconf 84' lang='lat' dir='ltr'>Cumque</span> <span class='ocrx_word' id='word_1_378' title='bbox 538 3785 600 3840; x_wconf 87' lang='lat' dir='ltr'>vita</span> <span class='ocrx_word' id='word_1_379' title='bbox 621 3781 717 3842; x_wconf 86' lang='lat' dir='ltr'>functi</span> <span class='ocrx_word' id='word_1_380' title='bbox 734 3797 780 3841; x_wconf 88' lang='lat' dir='ltr'>res</span> <span class='ocrx_word' id='word_1_381' title='bbox 803 3782 945 3841; x_wconf 86' lang='lat' dir='ltr'>iramanas</span> <span class='ocrx_word' id='word_1_382' title='bbox 968 3780 1109 3855; x_wconf 83' lang='lat' dir='ltr'>adjuvare</span> <span class='ocrx_word' id='word_1_383' title='bbox 1132 3778 1217 3840; x_wconf 86' lang='lat' dir='ltr'>aliter</span> <span class='ocrx_word' id='word_1_384' title='bbox 1237 3797 1295 3840; x_wconf 90' lang='lat' dir='ltr'>non</span> <span class='ocrx_word' id='word_1_385' title='bbox 1319 3782 1442 3857; x_wconf 89' lang='lat' dir='ltr'>possint,</span> 
     </span>
     <span class='ocr_line' id='line_1_40' title="bbox 76 3866 1442 3951; baseline -0.004 -18"><span class='ocrx_word' id='word_1_386' title='bbox 76 3888 182 3951; x_wconf 87' lang='lat' dir='ltr'>qaam</span> <span class='ocrx_word' id='word_1_387' title='bbox 206 3870 340 3946; x_wconf 84' lang='lat' dir='ltr'>exemplo</span> <span class='ocrx_word' id='word_1_388' title='bbox 362 3867 479 3941; x_wconf 87' lang='lat' dir='ltr'>relicto,</span> <span class='ocrx_word' id='word_1_389' title='bbox 509 3867 586 3946; x_wconf 92' lang='lat' dir='ltr'>quod</span> <span class='ocrx_word' id='word_1_390' title='bbox 612 3867 658 3927; x_wconf 86' lang='lat' dir='ltr'>rel</span> <span class='ocrx_word' id='word_1_391' title='bbox 681 3877 798 3929; x_wconf 87' lang='lat' dir='ltr'>moneat</span> <span class='ocrx_word' id='word_1_392' title='bbox 819 3868 959 3930; x_wconf 89' lang='lat' dir='ltr'>salutaria</span> <span class='ocrx_word' id='word_1_393' title='bbox 982 3868 1028 3926; x_wconf 86' lang='lat' dir='ltr'>vel</span> <span class='ocrx_word' id='word_1_394' title='bbox 1051 3867 1089 3926; x_wconf 91' lang='lat' dir='ltr'>ad</span> <span class='ocrx_word' id='word_1_395' title='bbox 1112 3866 1284 3926; x_wconf 83' lang='lat' dir='ltr'>imitandum</span> <span class='ocrx_word' id='word_1_396' title='bbox 1306 3874 1442 3944; x_wconf 91' lang='lat' dir='ltr'>posteros</span> 
     </span>
     <span class='ocr_line' id='line_1_41' title="bbox 77 3953 1440 4032; baseline -0.004 -13"><span class='ocrx_word' id='word_1_397' title='bbox 77 3963 216 4021; x_wconf 79' lang='lat' dir='ltr'>invitet:</span> <span class='ocrx_word' id='word_1_398' title='bbox 247 3955 410 4032; x_wconf 88' lang='lat' dir='ltr'>exemplum</span> <span class='ocrx_word' id='word_1_399' title='bbox 434 3956 551 4032; x_wconf 89' lang='lat' dir='ltr'>quidem</span> <span class='ocrx_word' id='word_1_400' title='bbox 573 3955 672 4014; x_wconf 91' lang='lat' dir='ltr'>multis</span> <span class='ocrx_word' id='word_1_401' title='bbox 694 3957 861 4016; x_wconf 88' lang='lat' dir='ltr'>nominibus</span> <span class='ocrx_word' id='word_1_402' title='bbox 884 3954 1198 4016; x_wconf 86' lang='lat' dir='ltr'>commendatissimum</span> <span class='ocrx_word' id='word_1_403' title='bbox 1220 3956 1249 4012; x_wconf 93' lang='lat' dir='ltr'>in</span> <span class='ocrx_word' id='word_1_404' title='bbox 1273 3953 1440 4014; x_wconf 87' lang='lat' dir='ltr'>adultorum</span> 
     </span>
     <span class='ocr_line' id='line_1_42' title="bbox 76 4040 1441 4124; baseline -0.005 -16"><span class='ocrx_word' id='word_1_405' title='bbox 76 4054 183 4124; x_wconf 88' lang='lat' dir='ltr'>inque</span> <span class='ocrx_word' id='word_1_406' title='bbox 206 4048 353 4104; x_wconf 88' lang='lat' dir='ltr'>seniorum</span> <span class='ocrx_word' id='word_1_407' title='bbox 376 4045 480 4103; x_wconf 89' lang='lat' dir='ltr'>animis</span> <span class='ocrx_word' id='word_1_408' title='bbox 502 4043 597 4104; x_wconf 83' lang='lat' dir='ltr'>Euros</span> <span class='ocrx_word' id='word_1_409' title='bbox 619 4050 718 4104; x_wconf 88' lang='lat' dir='ltr'>noster</span> <span class='ocrx_word' id='word_1_410' title='bbox 738 4046 863 4121; x_wconf 87' lang='lat' dir='ltr'>reliquit,</span> <span class='ocrx_word' id='word_1_411' title='bbox 887 4061 942 4104; x_wconf 92' lang='lat' dir='ltr'>nec</span> <span class='ocrx_word' id='word_1_412' title='bbox 964 4043 1136 4102; x_wconf 84' lang='lat' dir='ltr'>intermittas</span> <span class='ocrx_word' id='word_1_413' title='bbox 1152 4040 1341 4120; x_wconf 89' lang='lat' dir='ltr'>Helmharde,</span> <span class='ocrx_word' id='word_1_414' title='bbox 1365 4041 1441 4102; x_wconf 88' lang='lat' dir='ltr'>Gen.</span> 
     </span>
     <span class='ocr_line' id='line_1_43' title="bbox 77 4129 1446 4208; baseline -0.003 -15"><span class='ocrx_word' id='word_1_415' title='bbox 77 4139 160 4196; x_wconf 88' lang='lat' dir='ltr'>Bar.</span> <span class='ocrx_word' id='word_1_416' title='bbox 186 4135 294 4192; x_wconf 91' lang='lat' dir='ltr'>mortui</span> <span class='ocrx_word' id='word_1_417' title='bbox 316 4131 417 4192; x_wconf 88' lang='lat' dir='ltr'>haeres</span> <span class='ocrx_word' id='word_1_418' title='bbox 440 4133 534 4204; x_wconf 89' lang='lat' dir='ltr'>unice,</span> <span class='ocrx_word' id='word_1_419' title='bbox 559 4129 705 4206; x_wconf 86' lang='lat' dir='ltr'>quandam</span> <span class='ocrx_word' id='word_1_420' title='bbox 729 4131 853 4208; x_wconf 86' lang='lat' dir='ltr'>exempli</span> <span class='ocrx_word' id='word_1_421' title='bbox 877 4130 954 4190; x_wconf 90' lang='lat' dir='ltr'>illias</span> <span class='ocrx_word' id='word_1_422' title='bbox 977 4132 1132 4206; x_wconf 84' lang='lat' dir='ltr'>imaginem</span> <span class='ocrx_word' id='word_1_423' title='bbox 1154 4130 1347 4189; x_wconf 87' lang='lat' dir='ltr'>marmoribus</span> <span class='ocrx_word' id='word_1_424' title='bbox 1370 4131 1446 4194; x_wconf 90' lang='lat' dir='ltr'>inci-</span> 
     </span>
     <span class='ocr_line' id='line_1_44' title="bbox 79 4216 1441 4296; baseline -0.007 -12"><span class='ocrx_word' id='word_1_425' title='bbox 79 4225 172 4295; x_wconf 85' lang='lat' dir='ltr'>dere,</span> <span class='ocrx_word' id='word_1_426' title='bbox 197 4237 257 4296; x_wconf 89' lang='lat' dir='ltr'>qna</span> <span class='ocrx_word' id='word_1_427' title='bbox 279 4221 343 4279; x_wconf 86' lang='lat' dir='ltr'>visa</span> <span class='ocrx_word' id='word_1_428' title='bbox 360 4221 447 4280; x_wconf 86' lang='lat' dir='ltr'>etiarn</span> <span class='ocrx_word' id='word_1_429' title='bbox 469 4217 680 4292; x_wconf 83' lang='lat' dir='ltr'>adolescentes,</span> <span class='ocrx_word' id='word_1_430' title='bbox 704 4222 790 4278; x_wconf 87' lang='lat' dir='ltr'>etiam</span> <span class='ocrx_word' id='word_1_431' title='bbox 807 4221 898 4295; x_wconf 88' lang='lat' dir='ltr'>pueri,</span> <span class='ocrx_word' id='word_1_432' title='bbox 922 4227 952 4278; x_wconf 85' lang='lat' dir='ltr'>et</span> <span class='ocrx_word' id='word_1_433' title='bbox 967 4221 1016 4294; x_wconf 89' lang='lat' dir='ltr'>qut</span> <span class='ocrx_word' id='word_1_434' title='bbox 1032 4223 1188 4278; x_wconf 89' lang='lat' dir='ltr'>nascentur</span> <span class='ocrx_word' id='word_1_435' title='bbox 1202 4219 1239 4277; x_wconf 90' lang='lat' dir='ltr'>ab</span> <span class='ocrx_word' id='word_1_436' title='bbox 1255 4216 1321 4291; x_wconf 88' lang='lat' dir='ltr'>iilis,</span> <span class='ocrx_word' id='word_1_437' title='bbox 1337 4217 1441 4276; x_wconf 87' lang='lat' dir='ltr'>futuris</span> 
     </span>
     <span class='ocr_line' id='line_1_45' title="bbox 79 4305 1443 4384; baseline -0.006 -14"><span class='ocrx_word' id='word_1_438' title='bbox 79 4314 184 4372; x_wconf 86' lang='lat' dir='ltr'>etiam</span> <span class='ocrx_word' id='word_1_439' title='bbox 207 4309 386 4384; x_wconf 87' lang='lat' dir='ltr'>temporibus</span> <span class='ocrx_word' id='word_1_440' title='bbox 408 4307 601 4384; x_wconf 87' lang='lat' dir='ltr'>progenitoris</span> <span class='ocrx_word' id='word_1_441' title='bbox 623 4309 668 4365; x_wconf 90' lang='lat' dir='ltr'>sui</span> <span class='ocrx_word' id='word_1_442' title='bbox 684 4305 876 4366; x_wconf 88' lang='lat' dir='ltr'>laudatissimi</span> <span class='ocrx_word' id='word_1_443' title='bbox 896 4305 1127 4366; x_wconf 89' lang='lat' dir='ltr'>commonefiant.</span> <span class='ocrx_word' id='word_1_444' title='bbox 1157 4305 1329 4382; x_wconf 85' lang='lat' dir='ltr'>Exemplum</span> <span class='ocrx_word' id='word_1_445' title='bbox 1346 4311 1443 4364; x_wconf 88' lang='lat' dir='ltr'>tamen</span> 
     </span>
     <span class='ocr_line' id='line_1_46' title="bbox 81 4391 1444 4469; baseline -0.006 -11"><span class='ocrx_word' id='word_1_446' title='bbox 81 4397 169 4458; x_wconf 93' lang='lat' dir='ltr'>iliud</span> <span class='ocrx_word' id='word_1_447' title='bbox 197 4397 228 4453; x_wconf 89' lang='lat' dir='ltr'>in</span> <span class='ocrx_word' id='word_1_448' title='bbox 256 4396 396 4454; x_wconf 86' lang='lat' dir='ltr'>momoria</span> <span class='ocrx_word' id='word_1_449' title='bbox 425 4397 588 4467; x_wconf 86' lang='lat' dir='ltr'>seniorum,</span> <span class='ocrx_word' id='word_1_450' title='bbox 618 4402 766 4469; x_wconf 87' lang='lat' dir='ltr'>utcunque</span> <span class='ocrx_word' id='word_1_451' title='bbox 788 4393 847 4454; x_wconf 88' lang='lat' dir='ltr'>fida</span> <span class='ocrx_word' id='word_1_452' title='bbox 869 4401 1020 4466; x_wconf 89' lang='lat' dir='ltr'>constans,</span> <span class='ocrx_word' id='word_1_453' title='bbox 1043 4392 1147 4452; x_wconf 90' lang='lat' dir='ltr'>iisdem</span> <span class='ocrx_word' id='word_1_454' title='bbox 1169 4395 1290 4452; x_wconf 88' lang='lat' dir='ltr'>mortuis</span> <span class='ocrx_word' id='word_1_455' title='bbox 1314 4391 1444 4450; x_wconf 89' lang='lat' dir='ltr'>interibit</span> 
     </span>
     <span class='ocr_line' id='line_1_47' title="bbox 81 4477 1443 4566; baseline -0.006 -19"><span class='ocrx_word' id='word_1_456' title='bbox 81 4493 163 4566; x_wconf 88' lang='lat' dir='ltr'>post</span> <span class='ocrx_word' id='word_1_457' title='bbox 186 4499 280 4544; x_wconf 86' lang='lat' dir='ltr'>annos</span> <span class='ocrx_word' id='word_1_458' title='bbox 303 4499 359 4542; x_wconf 93' lang='lat' dir='ltr'>non</span> <span class='ocrx_word' id='word_1_459' title='bbox 384 4485 425 4542; x_wconf 89' lang='lat' dir='ltr'>ita</span> <span class='ocrx_word' id='word_1_460' title='bbox 447 4482 570 4555; x_wconf 90' lang='lat' dir='ltr'>multos,</span> <span class='ocrx_word' id='word_1_461' title='bbox 602 4483 700 4557; x_wconf 90' lang='lat' dir='ltr'>imago</span> <span class='ocrx_word' id='word_1_462' title='bbox 723 4498 792 4540; x_wconf 81' lang='lat' dir='ltr'>vero</span> <span class='ocrx_word' id='word_1_463' title='bbox 816 4483 886 4558; x_wconf 88' lang='lat' dir='ltr'>ejus·</span> <span class='ocrx_word' id='word_1_464' title='bbox 903 4497 1077 4554; x_wconf 88' lang='lat' dir='ltr'>marmorea,</span> <span class='ocrx_word' id='word_1_465' title='bbox 1102 4480 1171 4557; x_wconf 91' lang='lat' dir='ltr'>qnid</span> <span class='ocrx_word' id='word_1_466' title='bbox 1194 4486 1238 4539; x_wconf 91' lang='lat' dir='ltr'>est</span> <span class='ocrx_word' id='word_1_467' title='bbox 1260 4480 1315 4538; x_wconf 90' lang='lat' dir='ltr'>nisi</span> <span class='ocrx_word' id='word_1_468' title='bbox 1339 4477 1443 4539; x_wconf 87' lang='lat' dir='ltr'>titulus</span> 
     </span>
     <span class='ocr_line' id='line_1_48' title="bbox 1 4564 1443 4647; baseline -0.007 -13"><span class='ocrx_word' id='word_1_469' title='bbox 1 4606 2 4612; x_wconf 20' lang='grc' dir='ltr'><strong>κ</strong></span> <span class='ocrx_word' id='word_1_470' title='bbox 83 4569 202 4644; x_wconf 89' lang='lat' dir='ltr'>inanis,</span> <span class='ocrx_word' id='word_1_471' title='bbox 227 4573 277 4647; x_wconf 89' lang='lat' dir='ltr'>qui</span> <span class='ocrx_word' id='word_1_472' title='bbox 299 4571 422 4630; x_wconf 88' lang='lat' dir='ltr'>lectores</span> <span class='ocrx_word' id='word_1_473' title='bbox 444 4569 513 4629; x_wconf 90' lang='lat' dir='ltr'>olim</span> <span class='ocrx_word' id='word_1_474' title='bbox 536 4583 606 4628; x_wconf 90' lang='lat' dir='ltr'>suos</span> <span class='ocrx_word' id='word_1_475' title='bbox 628 4569 664 4628; x_wconf 92' lang='lat' dir='ltr'>ad</span> <span class='ocrx_word' id='word_1_476' title='bbox 688 4570 883 4629; x_wconf 86' lang='lat' dir='ltr'>narrationem</span> <span class='ocrx_word' id='word_1_477' title='bbox 905 4569 1067 4640; x_wconf 89' lang='lat' dir='ltr'>seniorum,</span> <span class='ocrx_word' id='word_1_478' title='bbox 1090 4584 1178 4643; x_wconf 87' lang='lat' dir='ltr'>quam</span> <span class='ocrx_word' id='word_1_479' title='bbox 1201 4567 1249 4624; x_wconf 90' lang='lat' dir='ltr'>dtu</span> <span class='ocrx_word' id='word_1_480' title='bbox 1272 4564 1314 4625; x_wconf 89' lang='lat' dir='ltr'>illi</span> <span class='ocrx_word' id='word_1_481' title='bbox 1337 4582 1443 4642; x_wconf 88' lang='lat' dir='ltr'>super-</span> 
     </span>
     <span class='ocr_line' id='line_1_49' title="bbox 83 4654 1443 4734; baseline -0.005 -12"><span class='ocrx_word' id='word_1_482' title='bbox 83 4661 211 4732; x_wconf 87' lang='lat' dir='ltr'>fuerint,</span> <span class='ocrx_word' id='word_1_483' title='bbox 235 4657 388 4719; x_wconf 79' lang='lat' dir='ltr'>remittat?</span> <span class='ocrx_word' id='word_1_484' title='bbox 418 4658 521 4734; x_wconf 89' lang='lat' dir='ltr'>ltaque</span> <span class='ocrx_word' id='word_1_485' title='bbox 544 4657 673 4718; x_wconf 87' lang='lat' dir='ltr'>calamus</span> <span class='ocrx_word' id='word_1_486' title='bbox 695 4657 725 4713; x_wconf 93' lang='lat' dir='ltr'>in</span> <span class='ocrx_word' id='word_1_487' title='bbox 740 4655 973 4732; x_wconf 87' lang='lat' dir='ltr'>supplementum</span> <span class='ocrx_word' id='word_1_488' title='bbox 997 4654 1155 4727; x_wconf 84' lang='lat' dir='ltr'>vocandus,</span> <span class='ocrx_word' id='word_1_489' title='bbox 1180 4655 1249 4726; x_wconf 87' lang='lat' dir='ltr'>rita,</span> <span class='ocrx_word' id='word_1_490' title='bbox 1272 4670 1319 4714; x_wconf 89' lang='lat' dir='ltr'>res</span> <span class='ocrx_word' id='word_1_491' title='bbox 1341 4660 1443 4731; x_wconf 89' lang='lat' dir='ltr'>gestae</span> 
     </span>
     <span class='ocr_line' id='line_1_50' title="bbox 85 4741 1442 4824; baseline -0.007 -14"><span class='ocrx_word' id='word_1_492' title='bbox 85 4751 254 4824; x_wconf 87' lang='lat' dir='ltr'>obitusque</span> <span class='ocrx_word' id='word_1_493' title='bbox 285 4745 477 4805; x_wconf 83' lang='lat' dir='ltr'>laudatissimi</span> <span class='ocrx_word' id='word_1_494' title='bbox 508 4745 614 4805; x_wconf 87' lang='lat' dir='ltr'>Herois</span> <span class='ocrx_word' id='word_1_495' title='bbox 641 4743 734 4802; x_wconf 86' lang='lat' dir='ltr'>literis</span> <span class='ocrx_word' id='word_1_496' title='bbox 764 4743 962 4818; x_wconf 83' lang='lat' dir='ltr'>consignanda</span> <span class='ocrx_word' id='word_1_497' title='bbox 994 4752 1077 4815; x_wconf 86' lang='lat' dir='ltr'>sunt,</span> <span class='ocrx_word' id='word_1_498' title='bbox 1107 4747 1139 4801; x_wconf 91' lang='lat' dir='ltr'>ut</span> <span class='ocrx_word' id='word_1_499' title='bbox 1168 4741 1297 4801; x_wconf 87' lang='lat' dir='ltr'>habeant</span> <span class='ocrx_word' id='word_1_500' title='bbox 1324 4743 1442 4818; x_wconf 86' lang='lat' dir='ltr'>posteri,</span> 
     </span>
     <span class='ocr_line' id='line_1_51' title="bbox 86 4825 1441 4915; baseline -0.005 -18"><span class='ocrx_word' id='word_1_501' title='bbox 86 4851 246 4915; x_wconf 88' lang='lat' dir='ltr'>quorsum,</span> <span class='ocrx_word' id='word_1_502' title='bbox 269 4832 345 4896; x_wconf 89' lang='lat' dir='ltr'>iectu</span> <span class='ocrx_word' id='word_1_503' title='bbox 367 4848 529 4896; x_wconf 87' lang='lat' dir='ltr'>marmoreo</span> <span class='ocrx_word' id='word_1_504' title='bbox 551 4832 645 4908; x_wconf 88' lang='lat' dir='ltr'>titulo,</span> <span class='ocrx_word' id='word_1_505' title='bbox 670 4831 864 4910; x_wconf 86' lang='lat' dir='ltr'>cognoscendi</span> <span class='ocrx_word' id='word_1_506' title='bbox 886 4831 1045 4911; x_wconf 86' lang='lat' dir='ltr'>cupiditate</span> <span class='ocrx_word' id='word_1_507' title='bbox 1066 4828 1187 4907; x_wconf 87' lang='lat' dir='ltr'>impleti,</span> <span class='ocrx_word' id='word_1_508' title='bbox 1209 4845 1276 4892; x_wconf 87' lang='lat' dir='ltr'>sese</span> <span class='ocrx_word' id='word_1_509' title='bbox 1290 4825 1441 4908; x_wconf 87' lang='lat' dir='ltr'>recipiant,</span> 
     </span>
    </p>
   </div>
   <div class='ocr_carea' id='block_1_3' title="bbox 0 0 1723 5426">
    <p class='ocr_par' dir='ltr' id='par_1_4' title="bbox 0 0 1723 5426">
     <span class='ocr_line' id='line_1_52' title="bbox 0 0 1723 5426; baseline 0 0"><span class='ocrx_word' id='word_1_510' title='bbox 0 0 1723 5426; x_wconf 95' lang='lat' dir='ltr'> </span> 
     </span>
    </p>
   </div>
  </div>
 </body>
</html>
