3478 5424
618 375 793 440 escaramis
809 373 934 436 amans.
1129 383 1131 391 '
1400 377 1442 454 33

194 561 309 628 Multae
337 569 490 642 praeterea
521 569 675 626 cccunuut
704 561 904 638 difficultates,
933 578 1007 640 quas
1034 557 1153 642 longum
1183 568 1260 624 esset
1280 533 1464 629 recensere,¹
1557 599 1558 602 Ἴ

86 653 185 715 Nobis
208 654 281 714 nihil
304 652 460 714 admodum
483 655 581 713 evenit
602 651 682 712 muli.
719 650 869 712 Tenebras
892 653 969 710 euim
984 649 1119 726 Telluris,
1142 667 1231 729 quum
1252 651 1358 731 longua
1374 653 1443 714 illae

13 751 15 810 ξ
86 751 170 817 sunt,
193 743 343 804 confertim
359 735 614 817 inhabitamusffl),
638 757 714 817 quae
729 740 781 800 ubi
796 738 995 800 baroniam
1019 742 1175 817 attigerint,
1198 749 1442 818 praestaremus,

14 843 15 846 ’
88 831 178 908 qussi
202 848 238 891 ex
260 832 330 894 nasi
352 831 382 887 iu
404 836 510 888 terram
533 820 803 906 exscendeutesffi),
835 833 865 887 et
886 828 928 887 ibi
949 844 1003 888 nos
1031 844 1152 905 propere
1180 830 1209 886 iu
1237 829 1391 906 speluncas
1415 836 1445 890 et
1548 831 1549 836 ’
1596 803 1719 896 ἶ

13 953 17 1008 3¹
86 917 157 977 loca
181 919 337 978 tenebrosa
359 911 575 994 recipimus02),
599 933 636 975 ne
657 931 711 977 nos
727 913 778 976 Sol
801 917 830 973 iu
846 924 947 992 aperto
969 915 1059 994 paulo
1082 923 1150 993 post
1166 916 1319 976 obruturus
1343 925 1444 995 optato

88 1004 256 1067 diversorio
279 1005 378 1082 ejiciat
398 1005 591 1080 umbramque
618 1001 814 1064 discedentem
842 1004 956 1080 insequi
980 997 1128 1082 cogat⁸⁸).
1159 1003 1274 1064 Dantur
1295 1006 1337 1065 ibi
1359 1007 1444 1066 uobis
1538 989 1544 1006 Χ
1607 1063 1610 1072 ,
1682 1061 1692 1090 κ

13 1129 14 1148 2
86 1093 229 1154 induciae
258 1091 483 1154 exercendorum
513 1092 695 1168 ingeniorum
724 1108 760 1151 ex
782 1092 871 1151 animi
894 1095 1051 1169 sententia,
1086 1091 1259 1152 conferimus
1289 1109 1355 1153 eum
1381 1094 1445 1170 ejus

87 1182 263 1258 prouinciae
287 1179 477 1240 daemonibus
498 1181 630 1257 initaque
653 1180 803 1254 societate,
828 1179 877 1237 ubi
892 1181 1017 1257 primum
1032 1179 1113 1239 loeus
1127 1179 1196 1240 Sole
1219 1198 1316 1241 carere
1339 1199 1446 1258 coepe-

13 1289 15 1332 r
86 1264 198 1350 mss),
220 1269 329 1345 junctis
345 1268 511 1344 agminibus
534 1269 563 1326 iu
578 1267 709 1326 umbram
726 1269 931 1344 exspatiemur,
956 1267 1030 1328 etsi
1054 1267 1105 1328 illa
1127 1285 1265 1328 mucrone
1280 1285 1343 1339 suo,
1368 1267 1446 1346 quod

13 1393 15 1424 ;
88 1355 269 1434 plerumque
291 1350 388 1432 fitffi),
410 1354 557 1416 Tellurem
579 1353 673 1426 feriat,
696 1353 793 1415 Terris
817 1361 845 1414 et
867 1371 921 1414 nos
944 1358 1033 1415 sociis
1056 1355 1229 1416 exercitibus
1244 1357 1447 1434 incumbimus,

13 1455 15 1506 ξ
90 1443 173 1521 quod
197 1461 258 1504 non
281 1443 355 1503 allus
377 1443 463 1503 nobis
484 1441 562 1518 licet,
586 1460 674 1520 quam
697 1459 762 1501 cum
778 1441 877 1502 Solem
899 1442 1032 1504 homines
1055 1443 1181 1504 uiderint
1203 1441 1334 1505 delicere.
1371 1443 1449 1506 Hinc
1548 1471 1550 1480 =
1648 1529 1650 1536 ,
1683 1421 1718 1516 ff,

13 1559 15 1610 3
92 1534 206 1607 creuit,
229 1540 264 1592 ut
286 1529 414 1592 defectus
437 1529 515 1591 Solis
538 1528 612 1591 adeo
636 1524 856 1610 metuantur⁸⁸)¹
1035 1580 1041 1595 .

197 1617 298 1696 Atque
319 1618 394 1679 haec
415 1618 451 1678 de
474 1619 575 1678 itinere
598 1619 628 1676 in
651 1617 813 1678 Leranicm
835 1618 914 1677 dicta
936 1622 1033 1678 sunio.
1070 1615 1273 1696 nequierant
1296 1619 1331 1679 de
1354 1621 1447 1696 ipsius

13 1723 15 1792 j
90 1705 496 1784 provinciaefcrmadicam,
520 1721 639 1768 eramus
662 1723 742 1766 more
768 1705 1001 1784 geographorum
1024 1706 1136 1784 abiis,
1160 1724 1237 1785 quae
1261 1707 1382 1769 coelitus
1405 1707 1449 1768 iffi
1555 1687 1570 1714 ‚r

13 1953 15 1978 Ι
91 1802 264 1942 evemullittsl
286 1880 414 1942 siderum
436 1879 559 1941 fixorum
581 1887 718 1958 aspectus
740 1845 803 1940 tota
820 1881 954 1941 Lucania
981 1881 1072 1941 habet
1101 1881 1252 1942 uobiscum
1274 1877 1449 1963 eosdem⁸⁷),
1491 1939 1493 1952 ,

13 1985 15 2010 2
92 1975 192 2030 motus
215 1978 314 2030 tamen
335 1969 520 2048 planetarum
544 1977 572 2030 et
596 1970 774 2046 quantitates
797 1969 835 2029 ub
851 1971 897 2044 lis,
921 1986 994 2045 quas
1009 1986 1062 2028 uos
1077 1968 1125 2029 hic
1145 1970 1286 2045 videmus,
1312 1971 1450 2030 observat

95 2056 322 2132 diversissimas,
346 2054 420 2118 adeo
443 2063 477 2116 ut
498 2057 587 2135 plane
609 2055 669 2117 alia
691 2059 730 2116 sit
752 2059 842 2116 totius
865 2056 943 2134 apud
966 2059 1045 2134 ipsos
1068 2060 1263 2117 astronomiae
1286 2060 1369 2118 ratio.

200 2143 456 2222 Quemadmodum
477 2147 567 2222 igitur
588 2143 748 2220 geographi
770 2146 861 2225 nostri
884 2145 983 2205 orbem
1000 2142 1106 2206 Terrae
1122 2144 1258 2204 dividunt
1276 2147 1304 2202 in
1322 2149 1449 2221 quinque
1544 2129 1552 2148 “
1638 2113 1694 2228 ds.

93 2249 186 2294 aouas
213 2241 333 2311 propter
360 2233 563 2310 phaenomena
592 2232 745 2308 coelestia,
775 2235 818 2292 sic
840 2231 972 2292 Laronia
1001 2249 1038 2292 ex
1071 2231 1185 2292 duobus
1213 2240 1327 2293 constat
1355 2234 1451 2292 hemi·

13 2383 15 2408 1
93 2315 314 2405 sphaeritsffi),
338 2337 396 2381 uno
419 2320 644 2395 subvolvarnm,
667 2320 759 2379 altero
781 2313 1045 2398 privalrarumssf),
1069 2337 1192 2397 quorum
1215 2319 1286 2379 illud
1310 2329 1450 2398 perpetuo

13 2443 15 2488 q
94 2409 201 2468 fruitur
223 2427 279 2470 suc
302 2408 409 2484 volva,
441 2426 517 2485 quae
540 2415 585 2469 est
606 2406 666 2466 iilis
686 2409 751 2467 vice
773 2417 890 2467 nostrae
912 2407 1029 2482 Lunae,
1059 2408 1115 2468 hoc
1141 2425 1210 2468 vero
1234 2407 1348 2468 Volrae
1379 2425 1451 2468 con·
1567 2401 1569 2406 ’

94 2509 199 2574 spectu
229 2498 258 2554 in
287 2505 438 2557 aeteruum
469 2489 660 2574 privaturffl).
714 2493 752 2553 lit
780 2495 904 2555 circulus
942 2495 1156 2572 hemisphaeria
1186 2495 1320 2555 dividens
1362 2489 1452 2555 instar
1520 2506 1522 2526 ¹
1629 2491 1705 2586 '¹352

13 2583 15 2666 j
96 2586 191 2644 uestri
213 2583 305 2644 eolurl
329 2584 518 2643 solstitiorum
542 2600 594 2660 per
615 2583 699 2659 polos
721 2583 821 2641 mundi
843 2584 947 2642 bausit
970 2583 1192 2660 appellaturque
1216 2577 1386 2662 divisor⁹¹).

205 2669 290 2746 Quae
313 2673 403 2748 igitur
425 2675 540 2749 utrique
563 2679 631 2729 sunt
653 2674 818 2731 communis
839 2670 1062 2748 hemisphaerio,
1084 2675 1178 2748 primo
1199 2670 1265 2730 loco
1289 2671 1450 2748 explicabo.

13 2813 14 2818 ,
94 2755 201 2834 ltaque
224 2757 356 2819 Levauia
378 2766 441 2819 tota
468 2759 684 2820 vicissitudines
705 2762 796 2819 sentit
818 2755 874 2817 diei
898 2767 927 2819 et
954 2763 1048 2819 noctis
1076 2766 1109 2817 ut
1138 2753 1254 2835 nos⁹²),
1277 2758 1328 2820 sed
1353 2766 1451 2818 carent

96 2844 140 2902 illi
173 2846 231 2906 huc
264 2827 365 2906 nostra
393 2864 491 2907 annua
513 2848 655 2906 varietate
685 2853 747 2906 toto
777 2841 918 2928 annom).
970 2845 1026 2906 Per
1055 2853 1147 2906 totam
1183 2849 1258 2906 enim
1289 2845 1450 2906 Levaniarh

13 2945 15 2966 ¹
97 2940 263 3010 aequantur
293 2934 355 2994 dies
385 2933 445 2994 fere
474 2935 624 3008 noctibus,
657 2934 713 2992 uisi
736 2933 815 3010 quod
836 2933 978 3011 privolris
1004 2933 1175 3010 regulariter
1203 2936 1296 2993 curnis
1320 2935 1381 2995 dias
1405 2941 1449 2994 est

13 3015 15 3028 ’
98 3020 215 3081 brevior
243 3039 298 3082 sca
327 3030 431 3098 nocte,
454 3020 608 3082 subvolvis
635 3016 819 3101 longior⁹⁴),
863 3019 940 3097 Quid
971 3028 1069 3082 autem
1095 3039 1148 3100 per
1178 3022 1327 3081 circuitum
1356 3040 1452 3081 anuo-

13 3169 16 3192 ,
99 3125 163 3167 rum
187 3115 206 3169 8
231 3112 375 3184 varietur,
399 3109 473 3169 infra
496 3111 550 3170 erit
572 3107 735 3169 dicendum.
782 3108 842 3168 Sub
865 3120 989 3186 utroque
1012 3126 1082 3170 vero
1104 3109 1238 3186 polorum
1260 3111 1290 3168 in
1313 3127 1452 3187 compen·

13 3193 15 3282 ff
98 3197 243 3256 sationem
265 3199 360 3256 noctis
382 3195 435 3257 Sol
457 3197 593 3256 dimidius
617 3197 738 3272 tegitur,
762 3195 899 3257 dimidius
921 3197 1014 3272 lucet,
1046 3206 1159 3258 montes
1190 3197 1297 3257 circulo
1327 3200 1452 3258 circum·

13 3283 17 3358 i
99 3279 225 3360 leus⁹⁵).
269 3281 332 3344 Nec
364 3286 441 3345 enim
474 3286 570 3344 miuus
593 3283 726 3344 Levunia
760 3287 821 3344 suis
843 3283 946 3344 incolis
969 3287 1089 3344 immota
1119 3293 1195 3345 stare
1224 3285 1354 3360 ridetur,
1386 3303 1453 3344 cur·
1567 3289 1586 3328 N
1658 3265 1726 3340 ἶῖ’»ζῖ“·’ἕ

1677 3371 1695 3400 l·

13 3365 18 3460 ᾗ
98 3372 231 3431 rentibus
254 3374 356 3447 astris,
387 3389 475 3449 quum
497 3371 588 3432 Terra
618 3383 718 3431 nostra
746 3373 831 3432 nubis
859 3368 1082 3448 conturbasti).
1128 3373 1194 3433 Nox
1218 3382 1248 3433 et
1274 3373 1336 3434 dies
1357 3374 1453 3450 juncti

13 3465 15 3528 1
100 3467 231 3537 aequant
253 3475 344 3518 unurn
365 3476 400 3520 ex
423 3460 603 3520 nostratibus
633 3460 795 3520 mensibus:
828 3461 936 3537 quippe
958 3459 1027 3520 Sole
1057 3461 1166 3520 orituro
1193 3478 1277 3520 mane
1308 3463 1452 3537 integrum

13 3533 15 3552 '
99 3545 162 3607 fere
184 3547 299 3607 zodiaci
328 3549 442 3623 signum
465 3547 604 3625 postridie
634 3546 700 3626 plus
731 3557 853 3624 apparet
882 3565 969 3623 quam
997 3546 1089 3623 pridie
1100 3541 1150 3624 ⁹7).
1196 3549 1234 3608 Et
1257 3555 1289 3607 ut
1315 3551 1400 3608 nobis
1424 3551 1452 3606 in

13 3641 15 3650 “
99 3650 162 3693 nuo
184 3651 260 3694 anuo
286 3639 348 3695 361)
371 3633 455 3696 Soles
478 3644 508 3696 et
529 3642 589 3696 366
614 3635 755 3712 sphaerae
778 3634 910 3710 fixurum,
932 3653 983 3695 seu
998 3636 1158 3712 praecisius
1180 3638 1209 3694 in
1234 3639 1352 3696 tannis
1371 3641 1452 3696 1461

100 3719 197 3795 Soles,
219 3720 271 3782 sed
297 3727 380 3784 1465
404 3721 547 3799 sphaerae
569 3723 691 3782 fixarum
714 3721 886 3796 volvuntur,
916 3725 959 3783 sic
986 3722 1044 3782 illis
1065 3725 1095 3782 in
1118 3740 1176 3783 uno
1203 3741 1279 3784 auno
1303 3723 1354 3784 Sol
1378 3724 1455 3784 duo·

13 3837 15 3858 2
100 3807 211 3884 decies,
233 3809 358 3890 sphaera
380 3809 502 3871 fixarum
524 3811 664 3872 tredecies
679 3829 731 3872 seu
746 3812 906 3888 praecisius
928 3813 959 3869 iu
982 3816 1000 3871 8
1025 3812 1108 3870 aunis
1131 3810 1183 3872 Sol
1207 3808 1290 3888 99¹⁸·,
1313 3811 1455 3890 sphaerae

18 3924 22 3933 ·
99 3895 225 3955 fixarum
247 3898 357 3958 centies
379 3901 487 3973 septies
503 3901 642 3959 circumit.
675 3898 734 3959 Sed
753 3899 923 3958 familiarior
946 3905 991 3960 est
1013 3899 1084 3975 ipsis
1101 3897 1224 3959 circulus
1247 3918 1388 3960 annorum
1406 3902 1454 3963 19.

101 3983 219 4044 Etenim
241 3986 270 4044 iu
294 3992 338 4044 tot
359 3987 443 4046 aunis
468 3987 518 4046 Sol
542 3989 632 4047 oritur
654 3985 803 4048 ducenties
825 3988 922 4047 tricies
945 3988 1113 4064 quinquies,
1144 3987 1220 4048 lixae
1250 4006 1320 4049 reru
1344 3988 1455 4049 duceu-

102 4072 163 4132 tics
185 4073 378 4150 quinquagies
402 4067 564 4151 quater⁹⁸).

210 4158 309 4220 Oritur
330 4160 383 4221 Sol
405 4161 615 4222 subvolrarum
636 4159 740 4221 mediis
762 4175 816 4219 seu
836 4161 953 4236 intimis,
978 4161 1096 4238 quando
1115 4163 1201 4222 nohis
1217 4170 1339 4240 apparet
1353 4163 1456 4222 ultima

103 4245 225 4324 quadra,
247 4248 448 4326 privolrarum
472 4265 542 4309 veru
564 4251 673 4308 intimis
695 4257 774 4323 tunc,
798 4249 916 4324 quando
935 4250 1020 4310 nobis
1043 4256 1088 4310 est
1109 4253 1202 4328 primu
1218 4251 1337 4327 quadra.
1373 4249 1457 4325 Quae

104 4342 207 4396 autern
229 4334 264 4397 de
286 4335 456 4397 meditulliis
478 4337 559 4412 dico,
585 4335 621 4397 de
643 4338 712 4396 totis
735 4337 923 4398 semicirculis
946 4336 1135 4415 intelligenda
1157 4347 1225 4397 suut
1246 4357 1298 4416 per
1320 4337 1403 4415 polos
1428 4345 1458 4398 et

104 4421 269 4484 meditullia
292 4424 402 4589 egam
434 4421 474 4485 ud
497 4425 653 4486 divisorem
675 4425 777 4502 rectis,
806 4443 880 4504 quos
910 4423 1109 4488 semicirculos
1132 4426 1330 4488 medlvclvaui
1353 4425 1456 4503 appel·

23 4570 28 4579 ,
104 4508 173 4571 lare
193 4515 286 4589 possis
339 4557 347 4574 .

213 4599 265 4659 Est
286 4605 385 4660 autem
408 4598 531 4660 circulus
554 4599 661 4676 uliquis
684 4599 758 4660 iuter
780 4599 866 4679 polos
888 4600 1089 4676 intermedius,
1120 4603 1213 4663 ricem
1242 4618 1345 4679 gerens
1367 4603 1457 4662 nostri

109 4691 276 4762 aequaturis
298 4691 449 4763 terrestris,
473 4705 531 4764 quo
554 4689 642 4749 etiam
657 4689 774 4748 nomine
790 4689 1007 4767 indigetubitur,
1030 4689 1163 4750 bifariam
1178 4705 1282 4749 secans
1304 4687 1364 4749 tam
1381 4689 1459 4750 diri-

110 4789 219 4849 sorcm,
245 4791 334 4852 quam
355 4773 593 4837 medirolranum
619 4778 649 4834 iu
670 4777 787 4854 punctis
816 4779 972 4856 oppositis,
1007 4779 1053 4838 cul
1076 4795 1267 4853 quaecunque
1296 4778 1363 4839 loca
1386 4780 1458 4839 suh-

110 4866 197 4936 snut,
225 4879 325 4924 eorum
355 4867 494 4926 verticem
515 4863 567 4926 Sol
590 4867 830 4944 quamproxime
861 4864 991 4943 quotidie
1014 4872 1043 4926 et
1063 4867 1192 4942 praecise
1216 4863 1333 4943 quidem
1356 4865 1459 4929 diebus

167 4959 256 5016 xatus
268 4963 419 5018 oscam
1236 4967 1252 5022 3
