3398 5426
491 411 525 470 11.
542 411 680 471 measa
697 416 725 470 st
742 411 919 483 euboeae.
1120 389 1186 464 Γ
1318 411 1382 481 219

41 593 205 666 raiieuibus,
229 609 306 671 quae
327 593 510 670 responsioni
533 591 710 666 sufficerent,
734 609 893 670 ponamus,
917 609 983 654 eum
1007 592 1096 654 luisse
1116 592 1294 671 jubilaeum,
1317 610 1383 655 cum

42 683 199 759 Bauiingus
221 699 248 742 a.
274 686 359 742 3360
381 679 483 741 mundi
505 680 708 742 sabbathicum
730 689 830 758 ponat

321 779 392 838 3360
408 781 544 838 490:
557 781 627 837 2870

292 799 327 960 (,
554 850 732 922 aeee÷1se
752 807 1120 977 mssa-sstffii)
1187 849 1190 856 ’

40 1011 206 1073 Differentiae
236 1019 281 1073 est
310 1029 451 1074 annorum
481 1019 520 1074 22
545 1021 596 1073 aut
626 1019 675 1076 27.
727 1013 907 1074 decederent
934 1015 1017 1074 annis
1048 1015 1111 1074 480
1140 997 1278 1075 anni'uu
1310 1015 1385 1075 inter

40 1101 210 1174 Simeonem,
234 1099 280 1158 Eli
304 1107 334 1160 et
355 1098 511 1176 Davidem,
535 1103 594 1161 ime
616 1103 690 1162 iuter
711 1101 797 1160 linem
820 1101 969 1162 servitutis
984 1100 1164 1163 Philistaeae
1187 1109 1217 1162 ct
1239 1101 1384 1163 Davidem

40 1205 149 1264 uegem;
173 1194 261 1249 autea
283 1196 366 1248 eraut
389 1193 440 1262 26,
460 1189 524 1264 jam
546 1194 596 1250 48.
619 1189 782 1250 Mittimus.
827 1187 904 1270 Quin
927 1193 1026 1266 potius
1049 1187 1187 1264 dicemus,
1211 1188 1290 1266 quod
1314 1190 1383 1251 clim

40 1275 105 1354 dixi,
127 1285 180 1336 aut
198 1277 260 1353 jam
284 1277 343 1335 sic:
367 1273 533 1337 admonitos
554 1293 631 1336 aune
653 1277 826 1338 sabbathicc
849 1275 1010 1336 celebrasse
1023 1277 1197 1352 jubilaeum.
1230 1273 1291 1354 Ipsi
1308 1281 1384 1338 enim

39 1381 92 1422 usu
113 1371 251 1441 poteraut
272 1365 345 1423 inire
367 1380 510 1424 summam
532 1381 683 1439 annerum,
706 1363 786 1442 qued
808 1365 972 1442 potuissent
994 1363 1146 1439 facillime,
1175 1367 1199 1424 si
1223 1367 1385 1426 tenuissent

39 1453 176 1512 rationem
195 1451 330 1528 jubilaei.
376 1450 438 1511 sut
459 1454 517 1512 sic:
537 1452 662 1528 jurasse,
684 1459 718 1518 at
739 1467 775 1512 eu
797 1469 875 1512 auno
898 1451 1023 1530 quilibet
1045 1470 1080 1514 ex
1102 1454 1195 1512 servis
1218 1469 1286 1530 eos,
1311 1469 1384 1532 ques

41 1543 222 1616 septennium
244 1547 306 1598 ium
329 1545 471 1614 tenuerat,
494 1543 716 1600 manumitteret

138 1625 206 1687 Hoc
227 1625 385 1686 Maecilius
401 1627 518 1704 objicio.
549 1626 679 1705 Daphni,
702 1627 829 1688 Phineas
852 1635 882 1687 et
895 1633 979 1704 pater
999 1625 1044 1686 Eli
1060 1629 1166 1687 mertui
1188 1635 1256 1688 suni
1277 1645 1398 1690 secum·

40 1713 104 1774 dum
125 1733 173 1776 me
196 1731 274 1774 sune
298 1719 370 1788 sei,
393 1713 465 1774 Saul
489 1716 603 1776 eccisus
625 1731 703 1776 annu
728 1721 806 1776 uui:
834 1715 893 1774 dili.
919 1720 970 1775 46.
1015 1713 1086 1774 Este
1110 1724 1142 1774 uu
1164 1717 1249 1777 annis
1273 1717 1291 1776 6
1315 1724 1384 1777 anie

40 1809 157 1862 moriem
180 1801 263 1862 Sauli
285 1800 437 1862 Jeuaibau
459 1802 546 1863 luerit
567 1805 841 1864 excommunicatus.
866 1802 909 1880 (1.
932 1801 1010 1862 Sam.
1037 1803 1119 1877 14.);
1148 1804 1221 1861 vixit
1243 1805 1332 1882 igitur
1353 1805 1384 1862 iu

39 1888 200 1950 sacerdotio
222 1889 301 1949 Abia
331 1891 455 1967 ejusque
484 1890 564 1949 irsiui
588 1889 776 1950 Abimelecbo
805 1898 892 1950 nauus
921 1897 984 1950 crau
1009 1889 1072 1966 jam
1103 1890 1259 1964 Abiauhar,
1290 1907 1384 1951 annes

40 1986 121 2038 uatus
145 1995 172 2038 c.
199 1984 249 2040 16.
285 1975 390 2054 licque
412 1985 557 2037 mertuum
579 1977 657 2038 bunc
678 1985 793 2054 opertet
809 1975 980 2038 libimelecb
1003 1979 1302 2038 excommunicsiieue
1318 1979 1383 2052 Dei,

41 2065 113 2141 qued
136 2065 226 2142 hujus
254 2066 353 2141 stirpis
381 2081 467 2124 nemo
498 2068 537 2125 sit
566 2065 603 2126 ad
625 2071 768 2125 maturam
799 2072 926 2124 aetutem
947 2073 1104 2126 vventurus.
1151 2065 1229 2125 Abia
1252 2081 1322 2126 vero
1345 2069 1385 2126 sit

40 2169 176 2212 mnarum
199 2171 224 2213 e.
251 2157 309 2226 25,
342 2158 374 2212 ut
397 2153 594 2230 quinquennio
616 2163 684 2213 ante
706 2161 828 2212 mortem
850 2153 943 2229 patuis
965 2153 1004 2212 siu
1025 2159 1121 2214 natus.
1165 2151 1249 2214 Haec
1271 2169 1382 2214 cense-

41 2243 127 2300 uiuui.
174 2241 215 2299 At
237 2257 294 2298 uun
318 2242 362 2300 sic
383 2238 551 2300 Massiliae.
587 2239 618 2300 le
640 2239 730 2300 habet
752 2257 771 2300 a
793 2250 886 2300 murts
909 2239 955 2300 lili
977 2242 1101 2317 primum
1125 2257 1218 2300 ausos
1242 2246 1292 2313 2ο,
1316 2238 1384 2301 inde

42 2329 76 2386 62
99 2326 136 2389 ad
158 2326 326 2388 Salomonis
349 2329 466 2388 tertium
488 2343 605 2399 anuum,
628 2345 741 2388 summa
757 2333 808 2390 82.
846 2327 939 2387 Deme
956 2333 973 2388 3
990 2326 1166 2402 Salomonis,
1191 2335 1231 2389 40
1248 2327 1383 2404 Desidia,

39 2421 207 2476 minutii
232 2415 271 2476 ab
293 2431 415 2476 excessu
438 2413 485 2474 Eli
514 2413 551 2475 ad
578 2431 728 2476 excessum
752 2414 858 2477 Saulis.
902 2413 1013 2476 Eadem
1036 2431 1127 2476 causa
1155 2423 1199 2476 est
1221 2418 1382 2492 utriusque.

39 2501 109 2560 liam
130 2505 156 2560 si
180 2509 294 2580 tempus
315 2504 420 2563 initum
443 2502 531 2564 breve
553 2503 681 2568 futurum
697 2509 751 2576 ssi,
774 2502 919 2578 fugiemus
942 2501 980 2562 ad
1000 2503 1040 2578 id,
1064 2502 1143 2580 qued
1168 2501 1292 2565 Achileb
1315 2511 1383 2566 ante

39 2605 186 2650 excessum
209 2589 255 2649 Eli
276 2597 364 2652 natus
394 2597 439 2652 est
461 2597 686 2667 quantocunque
709 2597 848 2666 tempore.

135 2680 213 2736 ilaec
225 2681 348 2750 sequitur
360 2680 454 2738 uiuis
466 2680 663 2750 chronologice,
681 2695 762 2751 quem
774 2681 900 2750 adauxit
910 2680 1045 2752 Keplerus
1058 2679 1136 2748 libre,
1150 2681 1280 2752 inscripto
1295 2682 1384 2740 Cano·

39 2759 217 2816 musena
235 2760 299 2828 (vol.
314 2759 360 2817 iv.
378 2759 486 2830 clud),
505 2767 533 2816 et
550 2761 698 2818 tentamina
715 2761 891 2831 comparandi
909 2775 1036 2818 uumerus
1052 2761 1106 2819 350
1117 2769 1145 2819 et
1157 2762 1217 2831 480,
1236 2777 1306 2832 quae
1325 2762 1385 2820 uuit

5 2849 6 2852 ’
38 2838 202 2894 exclamans:
220 2839 283 2896 Hae
298 2839 478 2908 [wammam
494 2839 698 2898 basibudisis
715 2840 835 2912 aanor!
