3436 5416
358 307 392 416 In
408 358 521 416 Librum
538 323 678 417 Plutarchi
695 357 729 418 de
746 354 829 416 Facie
846 355 875 414 in
893 350 965 414 Orbe
982 351 1086 414 Lunae.
1316 329 1393 424 ¹115

50 533 148 601 ιιιιι,
165 535 248 592 edam
261 533 499 606 propinquusne,
517 534 591 592 salet
602 517 730 594 etiamad
741 533 911 606 probandum
922 533 1025 605 aliquid
1037 533 1166 604 amplius:
1186 533 1271 604 quire
1289 531 1395 588 scilicet

49 621 134 670 toturn
147 612 245 670 Lunae
257 614 487 685 hemisphaerium
504 615 594 672 radiet
609 617 637 672 ιι
646 615 766 685 Terram,
785 615 850 686 quia
867 613 971 670 seilicet
983 612 1152 683 superficiem
1164 611 1248 668 habet
1260 626 1395 680 asperam.

150 691 194 747 et.
213 692 380 762 Responsio,
397 693 462 748 nixa
480 693 624 750 emissione
640 693 790 763 radiorum,
814 697 857 749 ιιι
874 691 962 760 ιιιιι,
981 697 1009 747 ιι
1025 691 1116 762 posita
1133 690 1297 768 receptione,
1315 689 1395 748 redu·

49 771 115 825 citur
130 768 169 824 ad
188 771 344 828 secundam.
379 772 474 830 Potius
493 774 563 828 euim
581 773 700 830 diceres:
727 773 833 829 radium
852 769 923 826 Solis
942 769 1050 828 siuns
1067 771 1244 842 speculariter
1255 785 1396 842 repercus-

8 917 12 934 ,
48 865 104 905 ιιι
135 849 205 906 adeo
228 850 288 908 iore
312 851 422 924 exilem,
447 861 480 909 ut
500 853 587 909 risum
610 869 666 910 uon
689 852 725 908 sit
748 856 885 922 moturus,
911 866 967 906 nou
988 850 1060 906 enim
1081 851 1213 908 infinitam
1236 863 1297 906 esse
1320 851 1396 908 risus

47 927 237 987 subtilitatem.

151 1008 195 1066 68.
213 1007 315 1078 Quinta
332 1009 488 1080 responsio,
515 1010 640 1066 desumto
656 1024 674 1064 a
691 1001 779 1080 ligura
801 1009 873 1065 oculi
896 1009 1022 1081 globosa,
1047 1007 1187 1064 reducitur
1209 1008 1291 1064 etiam
1308 1007 1343 1064 ad
1359 1007 1396 1078 id,

48 1089 120 1159 quod
146 1089 202 1144 dixi
225 1089 261 1144 ιι
279 1089 425 1146 secundam
443 1095 472 1145 et
488 1096 620 1158 quartam
654 1088 737 1145 Valet
753 1089 824 1143 enim
850 1088 883 1143 de
908 1087 1013 1159 speculi
1035 1086 1216 1179 globositate,
1238 1094 1269 1143 at
1291 1102 1345 1143 non
1364 1087 1398 1143 de

48 1167 128 1222 oculi.
164 1167 218 1222 Per
236 1181 265 1222 se
290 1167 361 1223 enim
384 1167 452 1222 nibil
474 1165 540 1222 iacit
563 1182 651 1238 neque
669 1167 800 1234 curvitas
824 1182 912 1236 neque
937 1166 1040 1223 caritas
1059 1168 1116 1222 sive
1134 1165 1218 1236 oculi,
1241 1167 1298 1222 sive
1316 1166 1397 1222 etiam

46 1245 165 1315 speculi,
188 1244 224 1300 ad
241 1244 312 1300 ιιιιι
332 1244 545 1314 uniuscujusque
567 1246 710 1315 singularis
733 1208 812 1302 ιιιιι.
847 1246 955 1303 Accidit
971 1250 1061 1301 autem
1078 1244 1162 1301 radiis
1186 1244 1300 1316 singulis
1318 1243 1398 1312 Solis,
1421 1297 1423 1302 ,

47 1325 74 1378 in
93 1323 208 1417 speculo
227 1340 294 1380 caso
314 1324 495 1396 repercussis,
520 1332 552 1381 ut
568 1323 587 1379 ii
604 1324 698 1395 plures
716 1340 828 1382 numero
851 1325 1013 1396 colligantur
1031 1323 1066 1378 ad
1084 1339 1167 1378 unum
1184 1320 1295 1392 aliquod
1313 1336 1398 1392 puuc-

45 1409 104 1460 tum
123 1405 179 1459 et
170 1421 199 1458 ιι
217 1417 249 1458 eo
268 1418 329 1458 sese
347 1409 441 1460 mutuo
460 1410 554 1460 secent
566 1419 679 1474 eamque
691 1403 840 1460 sectionem
853 1408 1036 1474 consequntur
1048 1402 1120 1458 ustio
1132 1402 1263 1458 materiae
1275 1401 1398 1472 idoneae,

45 1482 73 1538 iu
93 1500 177 1553 quam
194 1482 290 1538 incidit
306 1483 435 1538 sectionis
453 1490 591 1553 punctum.

153 1563 199 1620 69.
216 1563 399 1617 Posteriorem
417 1561 483 1618 dicit
501 1561 690 1618 secundarium
709 1577 758 1618 seu
775 1560 916 1618 reflexum.

152 1643 195 1698 70.
214 1641 273 1695 iloc
286 1639 372 1694 simile
384 1646 426 1696 est
434 1639 572 1696 dissimile.
596 1641 730 1696 Peccatur
747 1641 817 1696 enim
830 1641 910 1696 etiam
927 1639 956 1694 in
969 1639 1045 1707 iride,
1063 1638 1204 1709 allegando
1217 1654 1273 1696 non
1285 1653 1394 1696 causam

45 1725 75 1774 nt
88 1707 208 1776 cdusam.
232 1717 332 1774 lridem
345 1719 489 1776 secundam
502 1735 562 1776 esse
573 1720 717 1792 imaginem
734 1719 837 1810 primae
854 1725 882 1775 ιι
899 1719 1024 1786 existere,
1041 1717 1113 1774 nubo
1130 1718 1230 1775 nubem
1247 1719 1393 1786 ambiente,

45 1799 161 1852 nimium
173 1797 253 1852 facile
265 1795 423 1852 conceditur
434 1797 584 1856 Aristoteli.
608 1796 688 1854 Iridis
700 1798 770 1852 enim
784 1797 889 1854 colores
907 1797 1050 1888 existunt,
1048 1797 1101 1852 ubi
1117 1795 1186 1852 radii
1205 1795 1301 1852 Solis'
1294 1813 1322 1853 ιι
1340 1802 1400 1868 gut·

44 1883 101 1931 tarn
119 1874 286 1945 pellucidam
305 1876 448 1932 rotundam
466 1875 566 1946 allapsi
586 1874 770 1946 refringantur
787 1874 821 1929 ab
840 1875 938 1943 angulo
958 1875 1075 1930 omnium
1092 1875 1224 1940 maximo,
1243 1873 1290 1943 qui
1307 1877 1400 1944 potest

8 1991 9 1994 ,
48 1970 111 2010 esse
130 1955 159 2008 ιι
177 1971 258 2026 aqua.
293 1957 363 2012 llam
388 1954 451 2026 quia
473 1954 501 2008 ιι
518 1954 567 2009 illa
583 1953 756 2008 extremitate
775 1952 967 2027 refractionunr
996 1951 1089 2022 anguli
1105 1949 1292 2023 praecipitatis
1309 1953 1398 2010 incre·

45 2033 148 2088 mentis
165 2032 281 2090 invicem
300 2033 457 2098 succedunt,
476 2031 509 2086 fit
526 2038 557 2085 ut
575 2031 673 2101 prioris
691 2030 798 2102 angulis
816 2031 941 2088 refractis
959 2031 1163 2090 accumulentur
1179 2031 1289 2087 refracti
1306 2039 1399 2104 poste·

45 2111 143 2183 rioris;
164 2129 199 2168 ex
217 2129 271 2183 qua
290 2113 505 2170 accumulatione
522 2110 645 2178 refracti,
664 2109 698 2165 ad
717 2110 825 2167 oculum
842 2109 993 2166 allabentes
1012 2109 1046 2165 ab
1064 2109 1242 2181 unaqualibet
1258 2111 1398 2167 individua

9 2263 10 2266 Ἴ
48 2190 170 2260 guttula,
188 2207 259 2260 quae
278 2209 338 2248 cum
357 2191 420 2246 Sole
439 2193 643 2248 convenientem
660 2189 734 2262 apud
753 2190 860 2248 oculum
878 2189 978 2247 format
996 2189 1135 2261 angulum,
1154 2189 1260 2247 colores
1276 2189 1338 2247 illos
1358 2205 1400 2247 se·

47 2285 110 2322 eum
130 2268 265 2324 deferunt.
302 2270 334 2325 ld
360 2269 476 2339 probare
494 2271 651 2340 expeditum
670 2278 712 2327 est
730 2271 812 2326 etiam
838 2270 911 2327 claro
930 2269 1021 2340 coelo,
1044 2269 1109 2326 Sole
1127 2270 1241 2340 oriente,
1269 2286 1403 2340 suspensa

8 2349 10 2356 ’
44 2355 126 2416 gutta
145 2357 173 2404 et
191 2349 253 2405 loco
272 2348 433 2405 obumbrato
458 2357 522 2422 post
544 2357 660 2420 guttam.
693 2351 756 2406 lam
775 2367 839 2408 sero
856 2350 955 2407 accidit
978 2349 1007 2405 in
1025 2349 1179 2420 sphaerulis
1204 2355 1341 2418 guttamm
1357 2367 1401 2406 ro·

46 2427 153 2496 tundis,
172 2434 204 2482 nt
221 2428 290 2484 radii
309 2427 379 2482 Solis
397 2443 451 2484 uon
470 2428 549 2485 solidi
567 2429 703 2498 trajiciant
720 2436 838 2500 guttam,
865 2427 913 2487 ιιι
930 2429 1030 2500 partim
1047 2428 1156 2498 quidem
1173 2427 1323 2499 trajiciant,
1341 2446 1402 2500 par·

45 2502 96 2556 tim
114 2519 181 2559 sero
200 2520 218 2559 a
234 2505 378 2573 superficie
395 2509 451 2560 tam
470 2515 591 2563 convexa
609 2505 765 2578 ingressuri,
785 2525 866 2578 quam
884 2523 950 2564 cava
967 2507 1075 2578 exituri,
1093 2507 1167 2562 intus
1183 2511 1403 2578 repercutiantur

45 2583 260 2652 repercussione
282 2585 311 2640 in
334 2584 387 2639 alio
406 2591 507 2655 puncto
526 2585 679 2656 superficiei
701 2595 801 2642 exeant
825 2602 919 2644 sersus
938 2585 1054 2644 oculum.
1091 2587 1158 2643 Cum
1175 2588 1259 2656 igitur
1276 2589 1322 2644 alii
1341 2589 1402 2646 aliis
1479 2646 1481 2655 ,

44 2663 161 2732 saepius
178 2663 251 2720 idem
269 2679 369 2734 corpus
387 2671 480 2734 guttae
497 2663 640 2734 trajiciant,
659 2665 768 2734 saepius
787 2665 869 2722 etiam
887 2673 1071 2735 attenuentur,
1090 2667 1191 2737 quippe
1208 2666 1332 2737 pluribus
1348 2673 1404 2724 tra·

45 2741 226 2812 jectionious,
245 2742 416 2800 obscuriores
433 2743 514 2798 ιιιιιιι
530 2741 648 2798 ιιιιιιι
666 2742 742 2798 iridis
760 2759 826 2799 suae
845 2741 956 2800 colores.
980 2746 1177 2814 Argumentum
1191 2745 1310 2817 evidens,
1330 2747 1404 2817 quod

49 2822 79 2875 in
99 2821 222 2877 secunda
239 2823 308 2878 iride
327 2823 417 2878 adbuc
434 2837 489 2877 una
501 2821 671 2892 repercussio
685 2823 867 2878 coloratorum
880 2824 1001 2896 accedat,
1019 2833 1063 2882 ιιι
1080 2825 1141 2894 boc,
1160 2827 1234 2896 quod
1251 2826 1280 2881 ιι
1291 2843 1324 2884 ιι
1336 2827 1405 2882 ιιιιι

47 2899 173 2954 colorum
192 2905 235 2956 est
252 2902 419 2972 contrarius,
445 2901 526 2972 quale
548 2901 613 2972 quid
632 2902 713 2958 etiam
737 2919 820 2973 supra
838 2903 866 2958 in
890 2902 1071 2975 duplicatione
1091 2905 1264 2974 speculorum
1281 2905 1406 2962 accidere

48 2977 177 3034 vidimus.
196 3003 198 3006 ·
215 2979 291 3035 Talis
308 2996 372 3037 vero
391 2979 523 3050 guttulae,
542 2995 612 3048 quae
630 2981 740 3052 saepius
758 2997 934 3051 repercussos
952 2984 1026 3041 intua
1045 2985 1080 3040 ad
1098 2984 1207 3040 oculum
1224 2985 1331 3041 mittere
1342 2998 1405 3056 por·

48 3057 99 3128 sit,
124 3058 209 3114 sitam
233 3059 369 3114 diversum
385 3058 420 3113 ab
439 3058 498 3127 illa,
524 3075 593 3130 quae
617 3059 807 3129 simpliciorem
824 3061 918 3130 mittit,
942 3077 1002 3118 esse
1024 3078 1138 3120 necesso
1163 3069 1213 3119 ιιι
1247 3061 1342 3120 Nubes
1360 3063 1405 3118 bic
1494 3055 1501 3070 '

46 3145 114 3208 post
131 3137 231 3192 iridem
249 3145 277 3193 ιι
294 3138 366 3193 circa
389 3145 464 3194 stans
487 3137 555 3192 nihil
573 3137 646 3192 aliud
665 3137 718 3192 nisi
735 3138 862 3194 tenebras
880 3147 1002 3209 praestat
1023 3140 1091 3198 locia
1108 3148 1246 3212 guttarum
1262 3141 1405 3210 utriusque

47 3217 155 3272 ordinis
174 3219 325 3286 requisitis,
349 3233 384 3274 nc
402 3231 450 3271 eae
467 3217 610 3273 rideantur
628 3218 845 3274 contrariarum
863 3225 891 3274 et
909 3219 980 3275 Solis
998 3220 1082 3278 radiis
1100 3220 1288 3290 splendentem
1307 3224 1406 3277 aerem

48 3295 158 3364 Quodsi
176 3303 270 3366 guttae
294 3297 371 3367 ipsae
388 3293 543 3352 individuae
561 3294 770 3353 reductionibus
789 3303 817 3352 ιι
834 3297 1038 3367 repercussrbus
1063 3301 1120 3356 suis
1138 3316 1194 3354 non
1212 3304 1406 3392 comportarent

47 3380 202 3464 utramque·
214 3373 323 3444 iridem,
348 3381 376 3429 et
398 3372 453 3429 alia
470 3373 578 3442 quidem
602 3375 685 3429 series
704 3382 843 3442 guttarum
860 3376 1029 3442 interiorem,
1053 3377 1108 3433 alia
1130 3377 1212 3434 etiam
1233 3377 1405 3449 exteriorem,

45 3466 101 3520 per
119 3468 160 3521 se,
180 3453 239 3506 aine
257 3441 415 3522 adjumento
433 3453 467 3509 ab
485 3451 633 3508 interiori
622 3468 679 3546 ιιι
691 3453 822 3510 formata:
841 3454 917 3509 nulla
929 3470 1049 3525 uuquam
1066 3453 1224 3512 ιιιιιιιιι
1216 3453 1264 3510 sris
1277 3455 1407 3526 secunda,

46 3530 119 3584 nihd
140 3531 188 3587 hic
210 3539 304 3602 potest
320 3547 497 3601 repercussus
523 3533 656 3602 primae'
648 3549 676 3586 ιι
695 3533 767 3588 nube
790 3523 933 3590 ambiente
969 3535 1007 3588 At
1024 3549 1113 3603 neque
1135 3533 1302 3603 compactior
1318 3533 1407 3588 nubes

47 3616 108 3675 est,
132 3625 205 3680 quae
222 3611 379 3666 interiorem
398 3611 508 3666 exhibet
528 3611 623 3666 iridem
648 3611 764 3668 ambitus
789 3612 965 3680 angustioris,
991 3612 1147 3669 nihilfecit
1170 3611 1240 3682 baec
1256 3611 1411 3682 phasmatis

47 3689 184 3756 angustia
207 3688 242 3743 ad
260 3689 389 3744 materiae
414 3689 609 3746 densatiouem.
647 3689 741 3745 Visum
765 3692 900 3760 quidem
891 3709 920 3747 ιι
938 3691 1066 3749 exteriori
1083 3691 1169 3761 magis
1188 3690 1301 3747 ιιιιιιιιι
1320 3696 1350 3746 ιι
1366 3689 1407 3746 ιιι

50 3766 202 3860 debilitari,
223 3767 313 3824 dicere
330 3767 421 3837 potuit
431 3768 603 3838 Aristoteles,
622 3769 669 3839 qul
687 3770 858 3828 emissionem
875 3771 1012 3827 radiorum
1032 3769 1178 3839 statuebat,
1197 3770 1265 3827 dixit
1275 3768 1304 3825 id
1316 3776 1408 3824 ιιιιιι

48 3847 181 3916 speciose
199 3846 294 3917 magis,
312 3861 394 3915 quam
412 3861 534 3902 nervose.
565 3846 640 3902 Nihil
658 3848 728 3904 enim
747 3866 781 3905 ιι
799 3850 838 3903 ιιι
856 3850 965 3919 quidem
984 3847 1216 3906 demonstraverit.
1247 3847 1285 3902 Et
1303 3845 1408 3902 colores

45 3925 129 3980 iridis
147 3925 293 3993 utriusque
316 3941 445 3983 cumana
464 3924 616 3981 differentia
639 3925 770 3982 claritatis
790 3933 852 3982 sunt
869 3929 943 3984 reale
961 3928 1039 4000 quid,
1064 3941 1235 3996 nequaquam
1253 3941 1316 3981 sero
1334 3923 1408 3980 ιιιιι

49 4021 139 4074 opus:
169 4005 287 4095 pingunt
311 4006 383 4060 enim
407 4021 436 4062 se
458 4021 514 4060 non
531 4003 663 4060 tantum
655 4005 795 4074 moculo,
820 4004 969 4063 sedetiam
987 4005 1015 4060 in
1032 4004 1096 4060 albo
1115 4005 1245 4074 pariete
1237 4021 1265 4059 ιι
1277 3989 1409 4060 ὀιι.ιιιιο

48 4082 141 4138 Paulo
166 4082 255 4151 magis
279 4083 314 4139 ad
335 4083 458 4141 lucem
450 4099 539 4154 ipsam
557 4083 627 4138 Solis
647 4083 812 4153 quadrarent
829 4083 912 4139 verba
928 4084 987 4152 illa,
1012 4081 1087 4152 quod
1105 4097 1138 4138 ea
1156 4083 1183 4137 in
1201 4081 1324 4138 interiori
1341 4080 1410 4136 iride

8 4197 9 4200 =
49 4162 90 4216 sit
107 4161 293 4231 compactior:
310 4171 414 4233 posset,
432 4162 552 4232 inquam,
571 4163 594 4217 si
606 4163 693 4218 nubes
710 4168 741 4219 ut
758 4169 846 4219 totum
858 4163 959 4234 aliquid
977 4163 1106 4218 formaret
1117 4162 1220 4228 iridem,
1240 4167 1289 4218 aut
1301 4177 1324 4217 ιι
1316 4157 1411 4216 iridis

8 4263 10 4304 ι
50 4241 173 4297 cuculus
192 4247 268 4296 esset
284 4257 302 4297 a
318 4241 420 4297 circulo
439 4257 502 4296 orae
519 4238 600 4298 Solis.
637 4242 675 4296 At
692 4256 747 4295 nou
765 4247 820 4312 est¹
845 4240 947 4298 fallitur
965 4249 993 4297 et
1010 4241 1056 4297 hic
1072 4240 1251 4312 Aristotelea,
1271 4239 1321 4296 sed
1338 4255 1409 4294 com·

47 4322 166 4392 ponitur
184 4319 233 4375 iris
251 4335 287 4374 ex
304 4319 389 4412 guttis
406 4319 655 4388 innumerabilibus,
675 4319 788 4376 eundem
807 4284 888 4377 situm
907 4319 941 4374 ad
955 4320 1045 4378 Solem
1064 4329 1092 4376 et
1111 4321 1220 4377 oculum
1237 4317 1410 4393 habentibus,

8 4405 12 4470 ζ
52 4399 129 4468 qnod
147 4415 213 4456 cum
230 4398 282 4455 fiat
299 4399 484 4470 circumcirca,
508 4413 621 4456 necesse
639 4406 695 4466 est,
722 4399 851 4455 circulum
876 4398 936 4454 fieri
954 4415 1004 4456 seu
1021 4399 1100 4455 basin
1120 4398 1193 4470 coni,
1219 4398 1298 4468 cujus
1316 4401 1410 4451 vertex

8 4513 11 4520 =
51 4479 169 4549 oculus,
195 4479 305 4536 etiarnsi
322 4478 370 4536 Sol
391 4480 557 4549 triangulum
576 4479 619 4536 sel
636 4479 761 4535 columna
779 4485 860 4535 esset.
897 4479 1028 4537 Omnibus
1045 4479 1129 4549 igitur
1150 4477 1238 4534 modis
1256 4467 1412 4548 exploditur

50 4575 107 4614 vox
124 4565 279 4630 compacta

159 4636 256 4693 Gratis
276 4635 359 4692 etiam
377 4637 515 4706 asseritur,
536 4650 587 4692 nec
605 4641 752 4692 attestante
770 4636 839 4703 ιιιιι,
857 4638 957 4693 nubem
974 4643 1040 4694 tnnc
1052 4654 1069 4693 a
1080 4635 1153 4692 nube
1166 4633 1261 4692 ambiri
1273 4638 1300 4690 et
1311 4631 1412 4689 nubem
1462 4703 1466 4714 Ι

8 4737 10 4740 ·
51 4717 223 4772 exteriorem
241 4729 303 4771 ιιιι
320 4715 465 4785 superficie
484 4715 627 4787 speculari.
657 4713 714 4768 imo
734 4711 887 4782 refragatur
904 4730 1010 4773 sensus.
1033 4715 1129 4774 Nubes
1142 4715 1222 4784 enim,
1241 4711 1412 4783 quaelocum

9 4831 10 4834 =
51 4797 143 4854 munit
158 4795 241 4866 iridi,
256 4797 406 4854 tenebrosa
424 4811 487 4852 cnm
504 4798 541 4854 sit
557 4795 717 4866 admodum,
735 4793 815 4866 copia
832 4800 969 4864 guttarum
987 4801 1109 4866 constat,
1128 4808 1242 4869 quarum
1260 4791 1315 4850 alia
1331 4791 1414 4849 aliam

1166 4879 1203 4938 8*
