3436 5416
289 348 332 418 88
410 427 412 442 1
802 345 965 406 Plutarchus
985 347 1020 406 ds
1036 347 1119 404 Facie

291 543 364 606 quas
387 521 459 588 duas
479 529 649 602 superficies,
667 525 715 588 vel
732 530 872 603 inagincs,
892 527 940 590 vel
957 521 1103 605 norw).
1134 524 1167 587 Si
1181 525 1268 602 igitur
1282 522 1430 586 radiorum
1452 521 1507 584 alii
1521 517 1645 599 quidem
1714 543 1716 584 2

288 625 368 677 scota
389 611 426 674 ad
448 630 502 674 nos
524 623 700 689 reccurrnnt,
723 613 773 674 alii
797 633 867 676 vero
889 615 927 676 ad
950 616 1104 678 alterutras
1125 622 1223 692 partes
1238 613 1422 690 speculorum
1443 611 1644 687 impingentes
1714 627 1716 680 3

289 719 401 763 rursum
424 700 491 762 inde
513 701 726 762 reserunturad
742 718 805 777 nos,
828 720 886 762 non
909 706 964 766 erit
985 703 1135 782 possibile,
1159 702 1331 777 aequalibus
1352 699 1468 776 angulis
1491 696 1554 758 llari
1577 711 1647 755 om-

291 808 343 850 nes
364 787 556 864 reflexionem
579 805 668 866 quam
690 787 806 867 quidem
821 791 1010 853 reflexionem
1024 791 1245 850 universitatem
1268 787 1311 846 illi
1334 804 1392 847 uno
1416 803 1464 846 ore
1480 784 1645 858 clamitant,
1715 863 1716 868 ἵ

289 878 347 937 illis
369 877 442 954 ipsis
464 874 667 937 effluxionibus
689 878 815 954 luminis,
839 898 916 957 qnae
939 879 1059 941 aLuna
1081 880 1110 936 in
1126 876 1245 936 Tenum
1267 875 1406 949 teruntur,
1429 871 1645 949 aequalitatem

291 964 465 1041 angulorum
487 961 622 1039 adimere,
646 967 845 1026 existimantes
866 967 944 1028 hanc
960 969 1119 1040 angulorum
1129 965 1321 1036 aequalitatem
1341 961 1429 1040 longe
1451 961 1521 1038 plns
1536 958 1645 1019 mereri
1714 997 1716 1024 ι

289 1052 358 1114 fidei
380 1068 468 1129 qnam
492 1049 579 1109 illud:
603 1055 674 1110 Solis
691 1051 784 1110 lumen
798 1057 905 1112 aLuna
922 1056 949 1112 in
968 1057 1079 1111 Terram
1097 1045 1260 1132 reuectilss).
1715 1111 1716 1124 ,

394 1137 505 1197 Verum
528 1141 603 1198 enim
619 1154 690 1197 vero
705 1139 730 1198 si
746 1140 863 1199 omnino
880 1139 936 1199 hoc
950 1136 1171 1216 gratificandum
1194 1143 1239 1198 est
1252 1138 1438 1214 geometriae,
1461 1151 1521 1195 non
1537 1149 1647 1210 parurn

289 1225 387 1287 hercle
409 1226 495 1284 nobis
519 1227 638 1297 amicae,
663 1233 691 1284 et
714 1227 739 1283 si
761 1223 890 1286 dandum
913 1229 1044 1288 omnino:
1067 1228 1191 1303 primum
1214 1227 1390 1286 couveniens
1413 1227 1465 1296 est,
1482 1240 1509 1289 ,a
1531 1219 1646 1280 talibus
1714 1255 1715 1258 =

290 1313 418 1392 speculis
448 1313 592 1373 confluere
618 1309 733 1387 radios,
762 1330 839 1389 quae
866 1316 925 1374 sint
950 1316 1012 1374 suis
1033 1305 1201 1375 laesoribus
1225 1320 1359 1374 accurate
1381 1311 1526 1388 periecta;
1557 1306 1647 1367 Luna

289 1418 362 1462 vero
385 1397 493 1463 multas
516 1399 606 1462 babet
627 1400 853 1477 inaequalitates
876 1410 905 1461 st
926 1400 1115 1480 asperitates,
1139 1403 1238 1477 itaque
1261 1401 1307 1474 lit,
1331 1406 1363 1459 nt
1384 1396 1457 1458 radii
1480 1414 1500 1457 a
1520 1409 1646 1470 corpore

290 1504 399 1566 magno
422 1486 579 1546 admodum
602 1487 708 1565 allapsi
731 1490 761 1547 in
784 1488 988 1550 altitudinibus
1010 1487 1069 1549 iliis
1091 1505 1277 1565 nequaqnam
1299 1482 1534 1556 contemnendis,
1567 1497 1647 1558 quac

292 1592 357 1636 sese
384 1582 485 1634 mutuo
515 1574 686 1636 collustrant
714 1577 897 1653 invicemque
926 1578 1126 1636 umsmittunt
1152 1585 1254 1653 aptum
1278 1575 1392 1648 lumen,
1423 1579 1456 1631 ιιι
1477 1573 1499 1630 ii
1521 1571 1646 1647 inquam

293 1662 368 1723 radii
390 1661 576 1722 reflectantur
598 1663 733 1722 omnibus
755 1663 849 1723 modis
872 1671 901 1724 et
919 1667 1026 1724 circum
1040 1681 1105 1724 sese
1119 1665 1267 1723 insinuent
1282 1665 1427 1738 istamque
1442 1657 1648 1720 collustratic·
1713 1655 1716 1720 ἶ

293 1767 359 1810 nem
383 1750 478 1826 ipsam
501 1749 557 1808 sibl
580 1750 635 1827 ipsi
659 1758 847 1826 connectant,
879 1757 1018 1828 tanquam
1041 1769 1078 1812 ea
1099 1750 1219 1812 ierretur
1240 1748 1278 1810 ad
1301 1766 1355 1809 uos
1378 1766 1398 1808 a
1418 1748 1554 1825 plurimis
1577 1761 1648 1822 spe-

293 1831 422 1917 culisw).
467 1836 581 1898 Deinde
605 1838 740 1897 etiamsi
764 1839 793 1896 in
817 1840 882 1914 ipsa
902 1837 989 1898 Luna
1010 1839 1182 1898 reflexiones
1204 1831 1367 1898 statuamus
1390 1833 1568 1911 aequalibus
1586 1849 1650 1900 an·
1714 1849 1716 1884 ι

292 1925 383 2003 gulis,
414 1941 472 1983 non
502 1923 684 2001 impossibiie
712 1932 771 2000 est,
802 1923 900 1985 radios
927 1943 979 2002 per
1007 1932 1120 1985 tantum
1149 1925 1334 1986 intervallum
1362 1921 1474 1984 delatos
1503 1919 1650 1980 flexiones
1713 1953 1716 1960 ·

292 2015 435 2074 sustinere
458 2018 487 2074 at
510 2011 684 2072 offensiones
700 2014 885 2072 circumcirca
895 2007 948 2087 ³⁰),
972 2019 1002 2073 et
1023 2014 1066 2072 sic
1088 2016 1280 2088 compositum
1304 2011 1388 2089 qnasi
1412 2027 1476 2084 esse
1499 2016 1530 2068 et
1545 2007 1651 2084 splen-

294 2100 363 2162 dere
395 2093 555 2177 lnmeu⁸¹).
601 2097 742 2159 Nonnulli
772 2101 861 2160 etiam
890 2099 991 2178 figuris
1020 2098 1179 2159 linearibus
1210 2099 1426 2170 demonstrant,
1456 2093 1537 2173 qnod
1564 2093 1651 2154 Luna

292 2187 386 2248 multa
409 2203 527 2247 snorum
548 2184 692 2246 luminum
714 2189 744 2246 in
767 2186 886 2248 Tenem
910 2185 1045 2248 demittat
1067 2187 1095 2244 in
1118 2185 1210 2261 linea,
1234 2205 1311 2263 qnae
1332 2185 1389 2246 snb
1411 2181 1552 2244 inclinem
1575 2182 1650 2240 sub-
1715 2225 1716 2228 ,

292 2283 378 2338 tensa
400 2276 448 2333 sit.
479 2273 654 2335 Construere
669 2291 738 2334 vero
762 2274 988 2335 delineationem
1010 2272 1295 2351 interloquendum,
1318 2279 1348 2335 et
1369 2271 1427 2334 hoa
1448 2273 1524 2330 inter
1539 2269 1652 2328 multos
1714 2287 1716 2330 ς

295 2378 498 2440 congerrones,
520 2377 578 2420 non
602 2367 664 2422 erat
685 2361 852 2439 expeditum
860 2355 912 2440 ⁸²).

399 2447 434 2508 In
456 2449 624 2509 universum
646 2465 716 2510 vero
738 2451 835 2519 miror,
858 2452 909 2525 ait,
933 2447 1011 2526 qnod
1034 2448 1176 2508 bisoctam
1191 2446 1293 2506 Lunae
1309 2448 1437 2523 speciem
1452 2445 1483 2504 in
1502 2461 1559 2504 nos
1574 2443 1654 2502 inci-

297 2543 378 2612 tant3
400 2535 475 2595 baec
497 2537 573 2594 enim
596 2553 655 2595 nna
678 2552 744 2596 cum
766 2537 856 2614 gibba
878 2545 907 2596 ct
930 2553 995 2596 cum
1012 2535 1191 2598 corniculata
1206 2529 1366 2614 incidit⁸³).
1397 2533 1474 2594 Nam
1489 2533 1516 2592 si
1534 2530 1653 2590 Lunam
1711 2579 1716 2611 ι,

297 2622 350 2686 Sol
372 2623 549 2683 illuminaret
570 2631 603 2682 ut
625 2623 733 2683 molem
754 2623 884 2701 aliquam
907 2622 1062 2684 coelestem
1085 2629 1136 2684 ant
1159 2625 1284 2700 igneam,
1307 2638 1366 2681 non
1380 2621 1562 2696 relinqueret
1584 2636 1653 2676 um·
1715 2613 1716 2632 ¹

298 2712 417 2772 brosum
440 2718 468 2770 et
491 2709 600 2770 lumine
623 2726 738 2770 cassum
762 2711 825 2788 ejus
848 2710 929 2787 globi
950 2713 1100 2771 semissem
1123 2709 1310 2782 adsensum,
1335 2707 1386 2768 sed
1409 2710 1537 2786 primum
1561 2714 1654 2782 atque
1715 2709 1716 2712 ’

299 2797 347 2858 vel
378 2796 483 2858 leviter
514 2799 608 2874 ipsum
640 2799 799 2874 tetigisset,
832 2805 924 2858 totum
955 2797 1018 2873 eJns
1048 2799 1199 2858 circuitum
1230 2794 1344 2873 impleri
1375 2797 1556 2856 conveniens
1590 2799 1655 2852 erat
1715 2835 1716 2838 ,

301 2891 330 2947 et
351 2903 404 2962 per
430 2893 523 2944 totam
543 2885 625 2962 pasci
646 2883 768 2960 lumine,
805 2902 1040 2962 quaquaversum
1059 2883 1220 2944 ‘incedente
1254 2890 1372 2961 propter
1399 2883 1566 2960 agilitatem
1599 2896 1653 2940 sen
1714 2879 1716 2898 ²

212 2975 216 2984 “
296 2971 520 3051 proclivitatem.
564 2970 639 3030 Nam
668 2973 761 3033 sicubi
796 2975 894 3032 vinum
926 2974 1107 3032 extremitate
1130 2988 1184 3032 sua
1205 2973 1334 3048 tetigerit
1356 2989 1483 3048 aquam,
1514 2976 1546 3031 et
1566 2975 1655 3046 gutta

298 3061 450 3135 sanguinis
473 3060 503 3116 in
525 3055 676 3118 humorem
699 3058 811 3136 delapsi
841 3061 940 3119 statim
969 3066 1063 3120 totum
1087 3058 1250 3134 decolorat,
1279 3061 1401 3136 sanguis
1425 3061 1499 3135 (quc
1522 3057 1655 3118 colorem
1714 3077 1716 3084 ·

298 3163 383 3207 sunm
406 3145 500 3220 diluit,
523 3145 631 3220 iactus)
655 3141 881 3228 pnrpurens³⁴).
926 3145 1027 3225 Ipsum
1051 3151 1241 3218 veroaiirem
1269 3146 1353 3223 ajunt
1373 3163 1434 3206 non
1456 3147 1486 3204 in
1509 3145 1655 3205 ilarioni-
1714 3155 1716 3206 s

296 3235 353 3295 bus
376 3230 562 3310 quibusdam,
585 3249 680 3309 neque
702 3231 791 3294 radiis
806 3235 964 3309 permixtis,
988 3233 1040 3294 sed
1056 3235 1246 3295 conversione
1262 3241 1291 3294 et
1306 3237 1552 3296 transmutatione
1567 3233 1654 3293 subi·

299 3329 388 3382 tanea
408 3337 428 3379 a
449 3318 558 3380 lumine
581 3319 713 3395 alterari3
737 3319 883 3397 quomodo
907 3329 1011 3398 putant
1032 3320 1129 3382 lumen
1146 3319 1296 3396 alumine,
1320 3321 1402 3382 sidus
1425 3341 1444 3381 a
1467 3321 1565 3380 sidere
1590 3328 1655 3386 tac·
1715 3375 1716 3378 ,

258 3405 259 3414 ’
298 3417 374 3482 tum,
405 3423 462 3466 non
487 3406 529 3464 illi
552 3409 731 3468 commisceri
762 3423 857 3484 neque
880 3407 1078 3469 confusionem
1100 3412 1162 3486 pati
1184 3426 1236 3486 per
1258 3417 1351 3470 totum
1375 3417 1405 3470 et
1427 3412 1655 3470 transmutatio-

298 3513 375 3570 nem,
397 3492 449 3555 sed
472 3494 629 3555 illuminari
652 3493 716 3554 sola
738 3494 789 3556 illa
811 3495 1058 3573 superficietenus,
1081 3514 1157 3572 quae
1179 3496 1278 3556 lumen
1301 3498 1438 3572 attigerit.

405 3581 499 3656 Quem
521 3583 597 3642 enim
621 3581 672 3642 Sol
695 3585 816 3643 circuitu
846 3600 900 3643 suo
924 3583 1061 3645 circulum
1092 3584 1313 3644 illuminationis
1343 3589 1396 3660 pe‘r
1418 3583 1536 3645 Lunam
1560 3585 1657 3662 agitat
1709 3625 1716 3648 ι

302 3679 331 3730 et
353 3671 556 3744 circumvertit,
580 3671 630 3746 qui
653 3669 728 3730 alias
750 3669 888 3730 coincidit
909 3687 973 3730 cnm
997 3688 1047 3744 so,
1071 3673 1121 3747 qni
1144 3671 1283 3732 disceruit
1302 3674 1455 3733 semissem
1478 3672 1546 3749 ejus
1568 3673 1657 3733 nobis

301 3757 489 3832 conspicuum
504 3774 523 3815 a
537 3759 658 3816 semisse
680 3756 830 3830 invisibili,
854 3757 927 3817 alies
950 3775 982 3818 se
1005 3759 1089 3835 erigit
1111 3757 1149 3818 ad
1171 3767 1266 3820 rectos
1282 3757 1418 3836 angulos,
1441 3767 1475 3821 ut
1489 3767 1574 3821 secet
1588 3760 1657 3820 illos
1715 3777 1716 3786 ¹

301 3845 438 3908 semisses
460 3845 649 3920 vicissimque
671 3853 785 3905 secetur
808 3843 845 3904 ab
868 3843 935 3918 iliis,
959 3851 989 3904 et
1010 3847 1058 3921 qul
1074 3847 1196 3906 variatis
1211 3847 1450 3909 inclinationibus
1469 3847 1656 3908 habitudini·

302 3931 415 4007 busque
438 3933 530 4007 partis
551 3930 666 3990 lucidae
689 3931 727 3990 ad
750 3932 916 3991 umbrosam
937 3940 1136 4008 repraesentat
1150 3934 1256 4010 gibbus
1278 3941 1307 3994 et
1322 3935 1521 3996 corniculatae
1545 3938 1575 3995 in
1592 3938 1657 4012 ipss

303 4017 410 4094 figuras
434 4017 475 4100 (hi
496 4019 617 4094 inquam
640 4019 765 4090 circuli,
784 4019 840 4079 hac
864 4019 1008 4078 sectiones
1031 4027 1061 4079 et
1082 4019 1138 4081 hae
1160 4020 1282 4098 figurae)
1315 4020 1389 4080 nihil
1411 4025 1507 4099 magis
1531 4021 1657 4084 demon-

301 4112 403 4180 strant,
427 4123 514 4182 qnam
535 4105 601 4181 boc,
625 4105 704 4182 qnod
725 4122 784 4165 non
799 4105 850 4166 flat
865 4107 1034 4167 commixtio
1055 4109 1203 4180 (conlusio)
1224 4108 1376 4183 luminum,
1398 4109 1453 4170 sod
1468 4110 1569 4172 nudus
1584 4128 1657 4172 eon·

302 4199 398 4254 tactus
420 4195 516 4250 Lunae
534 4211 551 4250 a
568 4192 669 4252 lumine
688 4195 769 4266 Solis3
790 4201 820 4254 et
842 4193 920 4270 qnod
942 4191 1116 4254 illuminatio
1139 4194 1242 4255 Lunae
1263 4213 1322 4256 uon
1338 4199 1482 4259 consistat
1504 4199 1535 4256 in
1560 4199 1657 4260 eolla·

301 4282 398 4342 centia
424 4279 495 4338 Solis
513 4287 541 4336 st
558 4274 720 4360 numeri),
750 4279 802 4339 sed
832 4282 860 4338 in
894 4276 1261 4364 circuuiliusuauonsll).
1319 4282 1469 4358 Quoniam
1501 4303 1575 4346 vero
1598 4303 1657 4348 non

305 4374 419 4428 tantum
441 4365 622 4424 illuminatur
643 4367 725 4442 ipsa,
754 4365 806 4426 sed
829 4368 917 4426 etiam
939 4367 997 4427 huc
1019 4367 1057 4428 ad
1079 4385 1132 4427 nos
1155 4367 1280 4430 demittit
1302 4371 1468 4448 splendoris
1489 4375 1540 4432 sui
1563 4376 1658 4435 simn-
1715 4361 1716 4368 ἵ

303 4455 422 4528 lacrum,
446 4459 528 4512 tanto
551 4453 645 4528 magis
667 4456 785 4528 insuper
806 4453 973 4529 suppeditat
994 4455 1100 4514 rationi
1116 4456 1205 4515 robur
1220 4457 1449 4520 confirmationis
1472 4461 1552 4522 circa
1574 4479 1658 4522 snam

303 4543 508 4603 substantiam
526 4569 529 4573 ·
548 4539 624 4598 Nam
647 4557 665 4599 a
687 4541 767 4599 raris·
783 4545 813 4600 et
834 4542 963 4604 tenuium
985 4544 1109 4618 partium
1133 4544 1219 4604 rebus
1241 4544 1324 4605 nulla
1345 4544 1379 4605 rit
1399 4547 1536 4624 reflexio,
1562 4567 1657 4625 neque

305 4627 389 4689 datur
409 4629 506 4688 lumen
530 4645 548 4687 a
570 4625 687 4698 lumine,
710 4632 762 4686 ant
783 4627 859 4702 ignis
882 4627 919 4687 ab
941 4629 1009 4703 igne
1030 4630 1173 4703 resiliens,
1196 4628 1324 4693 adeone
1346 4635 1513 4712 imaginata
1526 4637 1658 4713 quidem

305 4715 361 4775 boc
383 4724 428 4776 est
449 4715 543 4790 lacile,
567 4712 619 4775 sed
642 4713 841 4791 corpulentum
865 4721 894 4774 et
916 4712 1036 4775 densum
1060 4723 1174 4794 oportet
1195 4735 1269 4794 csse,
1293 4719 1374 4797 qnod
1395 4737 1609 4799 repercussum
1631 4733 1658 4786 ct
1715 4769 1716 4774 ,

306 4801 457 4880 dertonam
486 4802 607 4880 eiiciet,
635 4809 668 4863 nt
688 4802 728 4875 sit
755 4800 839 4874 locus
865 4801 988 4872 iutuitu
1016 4805 1082 4881 ipso
1105 4810 1135 4865 et
1156 4809 1341 4897 repercussni
1362 4809 1402 4872 ab
1415 4811 1503 4892 ipso.
1550 4813 1658 4894 Itaque
1715 4859 1716 4872 ,
