3446 5452
807 353 1070 431 anacamptos
1102 402 1117 428 ,

151 553 152 556 ¹
171 577 175 582 .
228 517 233 528 ⁸
236 555 307 598 ,ex
321 536 469 606 ιιιιιιιοιι
494 540 683 592 assumtorum
719 535 894 630 Hipparchus
917 534 988 592 euim
1013 534 1096 592 nimio
1113 535 1220 592 Lunam
1236 538 1358 591 removet
1375 551 1393 590 a
1411 533 1511 600 Terra,
1536 537 1621 592 ceteri

104 649 109 682 ;
155 641 167 696 J
247 617 403 686 joastipato
422 615 474 669 hoc
492 614 550 682 ejus
568 614 721 686 intervallo,
738 617 848 671 nimiam
867 622 957 671 tamen
974 614 1117 684 indulgent
1133 614 1173 668 illi
1191 614 1360 686 diametrum,
1378 620 1419 672 ιι
1428 615 1621 672 observatiam.

117 767 120 784 Ι
152 755 155 764 ,
175 701 188 710 ”
270 695 320 752 ιιι
338 691 501 764 quotidianis
520 692 706 747 demonstrare
724 693 831 748 obvium
850 701 901 749 est.

192 783 197 792 ’
279 811 283 830 .
373 774 416 829 lo
433 769 492 826 Hoc
510 787 563 824 nou
581 770 614 824 fit
632 772 789 842 simpliciter
814 773 848 828 ob
867 775 1041 843 parvitatem,
1065 770 1113 828 sed
1137 771 1171 826 ob
1190 729 1367 829 remotionem
1389 779 1495 830 tantm
1514 777 1542 828 et
1557 774 1623 844 quia

202 843 221 912 ſs
270 860 313 910 tot
329 851 386 908 suis
405 849 544 913 diametris
562 864 579 903 a
596 850 681 905 Terra
699 852 790 919 distat,
810 860 878 922 quot
895 853 942 908 Sol
960 853 1025 908 suis.

372 929 413 984 ιι.
432 928 484 983 Ηιι
503 927 631 997 splendor
656 929 813 985 inhaeret¹
804 947 831 984 m
851 931 1005 986 substantia
1023 928 1142 986 aetheris
1161 930 1355 1002 theodotem,
1380 939 1476 1002 estque
1494 931 1590 988 alias'
1581 950 1621 988 sn·

197 1063 199 1066 .
240 1079 241 1088 ,
268 1013 378 1077 tensior,
397 1009 464 1065 alias
481 1008 623 1072 remissior,
641 1008 775 1065 interdurn
795 1011 896 1066 nullus.
931 1011 984 1066 Hic
1002 1027 1064 1066 cum
1081 1011 1174 1079 adest,
1197 1011 1278 1066 etiam
1295 1011 1383 1066 lucem
1401 1009 1620 1080 crepuscularem

167 1087 168 1090 ’
250 1093 387 1161 adjuvat,
406 1089 569 1144 diametrum
585 1087 656 1142 Solis
675 1105 724 1158 per
742 1089 864 1145 toramen
883 1089 962 1145 nimis
981 1089 1052 1144 exile
1069 1087 1215 1143 intromissi
1233 1089 1359 1159 ampliat,
1378 1091 1501 1145 umbram
1519 1089 1621 1145 Terrae

185 1197 186 1200 ¹
225 1171 226 1176 ’
269 1171 412 1253 contrahit,
430 1184 519 1224 moras
537 1169 658 1222 Lunae
650 1185 678 1222 m
695 1169 817 1224 tenebris
835 1170 924 1238 vitiat;
948 1176 976 1223 et
993 1185 1054 1224 curn
1071 1168 1100 1222 id
1118 1168 1192 1236 facit,
1211 1167 1289 1237 qu'us
1307 1169 1352 1224 hic
1370 1183 1387 1222 a
1403 1169 1489 1224 Lucio
1507 1183 1620 1223 accusa

91 1305 112 1328 „
128 1263 140 1306 .·
178 1251 192 1306 ἒ.
212 1239 237 1324 s
268 1265 320 1322 tur,
339 1251 409 1306 ludit
426 1254 594 1303 astronomos
613 1246 694 1302 etiam
712 1248 786 1303 circa
803 1249 961 1305 diametrum
977 1249 1080 1317 Lunae,
1099 1254 1130 1302 ut
1142 1252 1247 1317 putent,
1266 1246 1368 1313 Solem,
1386 1247 1529 1302 etiamubi
1545 1254 1620 1302 totus

269 1339 359 1392 tectos
377 1335 426 1394 est,
445 1324 545 1381 circulo
563 1327 691 1384 exteriori
709 1329 847 1398 exporrigi
865 1329 938 1385 oltra
954 1329 1049 1384 Lunae
1067 1343 1151 1384 oram.
1301 1355 1302 1358 ¹

372 1411 414 1467 tt.
432 1406 593 1462 Aristoteles
616 1407 686 1461 libro
704 1408 739 1462 ll.
763 1408 797 1464 de
816 1408 898 1464 Coelo
922 1423 982 1477 cap.
1000 1407 1043 1463 13.
1065 1407 1159 1462 retulit
1181 1405 1234 1462 hoc
1257 1421 1292 1460 ex
1309 1403 1418 1474 placitis
1435 1405 1618 1475 Pythagorae,

0 1490 17 1511 ,
28 1463 101 1576 {5572
120 1479 122 1540 j
146 1499 147 1504 κ
268 1492 375 1549 minime
393 1503 456 1542 vero
479 1495 616 1555 tamqnam
634 1502 669 1540 cx
686 1487 796 1556 propria
813 1486 958 1542 sententia.

371 1569 414 1624 43.
432 1567 505 1635 Ergo
525 1565 582 1620 uult
600 1565 697 1628 dicere,
713 1565 794 1620 Luna
811 1566 888 1622 sidus
905 1583 960 1622 uon
979 1572 1028 1628 est,
1047 1572 1137 1622 terrea
1153 1581 1218 1621 vero
1237 1572 1288 1622 est.

371 1648 413 1702 44.
434 1643 541 1714 Cupit'
530 1644 620 1735 Juuvari
639 1644 673 1699 ad
686 1644 922 1711 reminiscendum,
940 1645 1005 1716 quid
1020 1645 1121 1700 inferre
1133 1645 1294 1702 volueritis?
1313 1645 1525 1702 Commoueiacit
1537 1645 1619 1715 igitur

269 1727 431 1787 Plutarchus
448 1725 523 1780 illum
541 1721 608 1792 ejus,
628 1723 702 1792 quod
720 1724 867 1781 exciderat.

267 1805 270 1824 ¹
300 1843 302 1848 ,
371 1807 413 1860 lb.
430 1804 533 1860 Lucios
550 1801 730 1858 introducitur
748 1803 867 1859 moribus
885 1803 1071 1876 professorum
1089 1804 1169 1875 artis,
1193 1803 1271 1859 valde
1290 1803 1406 1860 sollicite
1423 1803 1618 1862 inculcantium

232 1915 234 1922 ¹
268 1884 408 1958 discipulis
426 1883 560 1954 principia
577 1881 846 1938 demonstrationum.

225 1963 228 1978 ¹
369 1965 412 2021 tt.
430 1964 596 2033 Hucusque
614 1961 723 2018 Lucius
761 1963 824 2019 Jam
841 1963 947 2019 Theou.
983 1961 1074 2018 ironis
1093 1968 1147 2032 est,
1172 1963 1245 2019 acsi
1265 1963 1378 2020 diceret:
1404 1963 1471 2033 quid
1487 1977 1559 2033 opus
1578 1967 1620 2018 est

23 2087 46 2118 c
63 2025 109 2124 xt,-
181 2097 183 2102 .
214 2105 215 2108 ,
268 2051 400 2120 apparatu
419 2041 706 2098 demonstrationum
697 2057 725 2095 m
744 2039 775 2095 re
792 2041 956 2098 manifesta?

369 2124 411 2179 tv.
430 2121 530 2177 Lucius
548 2134 654 2176 morose
669 2119 794 2175 inhaeret
810 2121 951 2191 proposito
971 2119 1173 2177 demonstrandi
1190 2137 1248 2178 rem
1265 2139 1300 2179 ex
1318 2129 1386 2180 arte.

294 2215 299 2222 ·
369 2203 412 2259 48.
431 2199 570 2269 leander
587 2216 637 2269 pro
656 2218 742 2259 aorooc
759 2197 827 2268 legit
844 2220 926 2262 aava<
944 2208 1025 2256 recte.

369 2283 411 2339 43.
429 2279 564 2335 Promtior
581 2279 617 2335 ad
634 2278 884 2345 demonstrandum,
905 2295 986 2347 quam
1004 2279 1071 2335 socii
1088 2281 1123 2336 ad
1142 2279 1314 2338 audiendum.

368 2364 411 2418 50.
431 2360 508 2414 cave.
544 2358 614 2413 Nam
631 2373 661 2414 re
678 2373 742 2414 vera
767 2358 931 2413 contrarium
953 2357 1063 2427 accidit,
1090 2358 1212 2426 quamvis
1235 2361 1289 2417 hoc
1310 2361 1346 2415 sit
1367 2359 1539 2428 inopinatum
1564 2371 1619 2412 non

153 2433 169 2490 s
266 2441 421 2500 exercitatis
438 2440 467 2494 in
485 2443 553 2492 arte.

370 2522 412 2576 st.
431 2520 626 2573 Antecessores
654 2519 763 2589 quidem
787 2517 959 2574 indulserunt
976 2519 1071 2574 Lunae
1096 2533 1227 2574 ascensus
1253 2525 1281 2573 et
1298 2517 1447 2574 descensus
1470 2517 1499 2573 in
1522 2514 1620 2572 umbra

268 2606 377 2669 Terrae,
395 2598 447 2652 hoc
465 2605 508 2652 est
526 2598 685 2653 diametrum
705 2600 821 2670 epichli
833 2601 877 2668 (ut
889 2615 949 2668 ego,
965 2598 1206 2668 ecceutricitatem)
1225 2597 1308 2668 duplo
1320 2597 1451 2666 maiorem
1462 2595 1519 2664 illa,
1537 2609 1621 2666 quam

267 2697 316 2752 ego
336 2678 411 2734 elicio
430 2693 465 2733 ex
482 2677 571 2732 causis
589 2677 717 2747 physicis,
736 2693 768 2734 ac
785 2677 900 2747 proinde
917 2678 1081 2748 trajectuum
1099 2677 1280 2746 inaequalitas
1298 2677 1414 2747 amplios
1432 2693 1515 2746 qoam
1532 2674 1618 2746 duplo

264 2761 317 2815 init
333 2759 420 2827 major
436 2753 585 2828 veteribus,
604 2773 685 2827 quam
704 2766 747 2815 ιιι
763 2758 842 2815 ιοιιι
860 2757 942 2814 hodie
959 2759 987 2813 in
1006 2763 1142 2829 computo.
1177 2759 1323 2814 Praeterea
1339 2760 1499 2828 ignorarunt
1516 2755 1557 2810 illi
1576 2760 1618 2812 iu-

244 2838 420 2914 1,ιιιιιιοιιιιιι
437 2835 533 2891 Lunae
551 2837 578 2891 in
597 2836 719 2907 copulis,
745 2854 825 2907 quam
844 2837 938 2907 Tycha
957 2836 1047 2892 Brahe
1065 2837 1242 2893 variationem
1261 2837 1342 2907 dixit,
1361 2853 1444 2906 quae,
1468 2836 1520 2893 etsi
1543 2836 1618 2892 altae

264 2917 375 2991 perinde
393 2913 492 2970 accidit
509 2921 591 2982 atque
603 2915 707 2986 humili,
726 2923 817 2972 ιιιιιιι
834 2916 930 2972 humili
947 2915 1093 2972 admolitur
1111 2933 1140 2972 so
1159 2916 1247 2986 ipsam
1259 2916 1294 2972 ad
1310 2917 1513 2987 proportionem
1525 2925 1617 2972 motus

2 2974 10 3015 3
31 2953 62 3016 '³
138 2995 150 3026 '¹'
174 3021 186 3030 =¹
232 3013 233 3016 ¹
264 2997 359 3052 Lunae
376 2993 477 3049 horarii
495 2993 632 3047 auctioris.
668 2995 765 3064 ltaque
782 2995 829 3063 fit,
847 3004 879 3049 ut
896 2994 1055 3050 obliteretor
1072 2994 1120 3050 illa
1137 2996 1301 3065 traiectuum
1319 2995 1473 3052 differentia
1491 3005 1520 3052 et
1536 3011 1618 3066 prae·

265 3075 346 3131 cellar
363 3074 416 3128 ista
433 3071 600 3127 celeritatum
617 3072 721 3144 fiatque
739 3074 824 3129 multo
843 3072 970 3142 celerior,
998 3091 1079 3143 quam
1097 3073 1228 3141 trajectus
1247 3085 1290 3131 est
1306 3073 1446 3145 prolixior.
1481 3075 1540 3132 Nec
1560 3094 1617 3133 ιιι-

40 3221 77 3240 Ι,
110 3121 145 3208 ι
179 3201 180 3204 ,
219 3207 220 3210 ,
265 3162 355 3209 morus
372 3149 587 3222 hypothesibus3
608 3154 776 3223 experientia
793 3154 854 3223 ipsa
871 3159 1014 3208 statame
1024 3153 1131 3224 fertque
1150 3154 1194 3210 hic
1206 3171 1318 3224 quoque
1335 3155 1518 3211 testimonium
1530 3155 1637 3227 lappe.

264 3233 388 3289 thesibus
405 3228 534 3302 physicis,
554 3230 617 3298 duro
635 3232 751 3302 eclipses
769 3234 920 3304 perigaeas,
938 3231 1020 3288 etiam
1037 3249 1107 3303 quae
1126 3234 1269 3303 cannales,
1287 3233 1424 3290 breviores
1442 3235 1551 3290 omnino
1571 3251 1617 3292 ex·

265 3312 385 3384 perimur
401 3309 538 3379 apogaeis,
555 3318 651 3367 contra
668 3325 749 3380 quam
768 3311 812 3366 hic
829 3310 930 3366 Lucius
949 3311 1073 3370 inculcat.

283 3389 290 3400 “
369 3390 411 3445 52.
431 3390 565 3459 Loquitur
583 3391 777 3460 comparative,
802 3405 835 3446 ac
853 3391 877 3446 ai
894 3397 925 3446 ut
943 3405 1074 3460 aquarum
1092 3391 1207 3447 altitudo
1225 3392 1306 3448 rebus
1324 3391 1452 3448 coloratis
1470 3391 1616 3462 superfusa

0 3465 18 3498 'i
36 3457 85 3550 ,¹¹
175 3531 176 3536 ἵ
265 3477 441 3540 conspectum
461 3483 554 3523 earum
572 3470 699 3525 obtusum
716 3478 852 3540 praestat,
880 3470 919 3527 sic
946 3471 1028 3525 etiam
1052 3471 1162 3526 umbrae
1184 3471 1355 3542 profunditas
1378 3472 1514 3543 nigrorem
1535 3471 1615 3541 quasi

265 3563 344 3604 suum
361 3547 456 3601 Lunae
474 3547 635 3618 circumdet,
661 3554 689 3603 et
707 3549 779 3604 sicut
798 3547 918 3606 vicissim
936 3564 971 3604 ex
989 3565 1062 3618 aqua
1078 3550 1180 3606 vadosa
1197 3549 1299 3606 fundus
1315 3551 1397 3608 facile
1415 3551 1506 3606 clucet
1524 3551 1616 3606 colore

266 3644 325 3697 auo,
344 3627 384 3681 sic
402 3625 482 3682 etiam
499 3625 579 3682 Luna
597 3643 648 3683 sno
666 3627 757 3684 colore
772 3630 882 3699 proprio
901 3644 935 3684 cx
953 3631 1065 3686 umbrae
1083 3645 1210 3686 mucrone
1228 3635 1368 3686 attenuato
1386 3632 1485 3688 clarius
1504 3631 1615 3688 eniteat

263 3705 346 3761 Fallit
363 3721 426 3761 vero
445 3721 475 3760 se
492 3706 595 3775 ipsum:
614 3716 732 3764 testatur
751 3707 821 3762 cuim
839 3708 1015 3778 experientia,
1033 3710 1139 3765 Lunam
1157 3710 1303 3766 altissimas
1322 3716 1350 3765 et
1366 3709 1539 3767 brevissimas
1557 3713 1615 3767 uni·

264 3783 330 3840 brae
347 3793 440 3854 partes
459 3785 636 3854 trajicientem
654 3785 805 3857 plerunque
824 3787 1007 3845 obscuriorem
1032 3805 1093 3844 esse
1112 3783 1275 3858 quaudoque
1298 3790 1378 3846 etiam
1397 3792 1506 3861 penitus
1525 3791 1614 3862 dispa-

263 3880 332 3932 rere,
350 3864 474 3920 nimirum
493 3867 557 3934 quia
573 3867 643 3922 ratio
661 3883 716 3922 non
735 3875 777 3922 est
795 3867 875 3923 bona.
910 3869 973 3925 Non
992 3868 1076 3924 habet
1093 3870 1163 3924 euim
1181 3869 1278 3924 umbra
1294 3869 1412 3926 colorem
1432 3876 1463 3924 ιι
1481 3885 1554 3938 aqua
1566 3886 1614 3939 po·

8 3967 108 4016 aff:
263 3945 386 4011 sitivum,
411 3944 460 3998 sed
485 3957 559 3998 mera
576 3953 618 4002 cst
636 3946 751 4014 privatio
768 3946 876 4003 luminis
895 3961 1029 4017 apparens
1054 3947 1112 4016 ejus
1131 3949 1231 4018 nigror.
1266 3949 1308 4004 De
1326 3949 1417 4006 colore
1435 3963 1499 4004 vero
1517 3948 1614 4004 Lunae

26 4017 114 4096 ¹,',''‘'
171 4051 172 4054 ¹
199 4039 200 4044 ¹
264 4024 365 4080 cinerio
384 4023 519 4093 disputavi
537 4025 565 4078 in
583 4019 701 4097 Opticis,
725 4025 797 4094 quod
815 4027 838 4082 is
857 4028 894 4082 sit
911 4029 945 4082 ab
963 4029 1082 4084 aetheris
1101 4029 1253 4085 substamia
1270 4028 1343 4085 circa
1360 4029 1451 4083 Solem
1468 4028 1525 4084 late
1541 4027 1613 4097 insa,

264 4112 313 4158 aut
330 4117 347 4155 a
364 4101 499 4158 sideribus
515 4103 576 4158 aliis
596 4104 653 4160 Soli
669 4105 773 4162 vicinis.

368 4179 409 4234 53.
428 4181 498 4237 Mihi
515 4181 617 4238 sufficit
634 4187 769 4253 posterior
780 4185 858 4252 ratio,
876 4185 992 4257 priorem
1009 4203 1059 4257 pro
1078 4186 1153 4242 nulla
1165 4187 1268 4242 habeo:
1286 4185 1399 4242 involvit
1416 4187 1489 4243 enim
1505 4194 1613 4244 ιοιιιι·

264 4258 416 4316 dictionem.
451 4257 522 4314 Nam
540 4261 591 4316 etsi
609 4267 657 4318 aer
673 4263 804 4321 densatur
829 4281 879 4321 seu
902 4267 1071 4322 contrahitur
1093 4268 1121 4322 iu
1139 4281 1169 4322 se
1187 4267 1276 4335 ipsum
1294 4267 1323 4322 iu
1342 4267 1461 4322 tenebris
1479 4268 1612 4336 pureum

264 4355 358 4406 sensu,
385 4337 449 4407 qoia
467 4339 571 4396 scilicet
588 4341 636 4396 lux
654 4343 744 4412 abest,
771 4346 805 4401 ad
824 4347 902 4415 cuius
920 4345 966 4402 ille
986 4347 1168 4416 praesentiam
1185 4345 1303 4400 naturali
1320 4355 1396 4401 motu
1415 4361 1464 4400 seu
1482 4345 1612 4402 facultate

263 4433 323 4474 sese
343 4416 489 4487 dididerat,
514 4435 587 4475 nunc
610 4437 643 4476 ea
660 4423 795 4480 exstincta
813 4425 849 4481 ad
873 4441 949 4481 suam
968 4427 1052 4482 solius
1077 4435 1202 4482 naturam
1218 4425 1305 4495 redit,
1330 4431 1361 4481 ut
1378 4425 1452 4482 canit
1468 4425 1610 4494 Virgilius·

264 4528 297 4538 -
314 4505 341 4554 et
357 4499 469 4555 obtento
487 4499 639 4558 ᾱιιιιαιιιιιι
656 4508 734 4558 nocte
751 4505 891 4560 tenebrae.
916 4512 945 4560 at
968 4505 1035 4561 haec
1060 4506 1181 4561 densitas
1206 4504 1274 4560 nihil
1292 4512 1373 4560 uocet
1390 4505 1460 4575 ignis
1478 4503 1610 4576 effluriisJ

262 4575 335 4647 quod
355 4576 397 4630 vel
415 4575 477 4632 inde
495 4579 633 4667 probatur,
652 4580 716 4646 quia
734 4590 936 4675 argumentator
953 4583 1067 4652 fatetur,
1086 4583 1163 4638 illum
1181 4591 1247 4640 tuno
1265 4584 1364 4640 clarina
1382 4585 1497 4640 elucere.
1534 4584 1610 4654 Quae

262 4670 327 4710 vero
345 4653 445 4718 luceat,
464 4654 534 4711 ab'
516 4672 550 4710 ιιι
567 4655 658 4712 lumen
677 4657 773 4728 effluit,
791 4662 855 4730 quia
873 4661 941 4717 visio
959 4679 1012 4718 uon
1031 4665 1063 4720 ιιι
1081 4664 1232 4729 emissione,
1251 4663 1298 4720 sed
1317 4664 1482 4734 receptione.

368 4735 410 4789 54.
430 4735 562 4791 Gucuitua
581 4735 789 4807 pleniluniorum
807 4740 860 4796 tot
877 4747 943 4797 aunt
958 4748 1076 4810 quatuor
1093 4742 1207 4798 totidem
1225 4743 1358 4811 quadrae,
1382 4743 1434 4800 hoc
1457 4750 1500 4800 eat
1518 4743 1556 4801 3ι
1578 4746 1611 4802 0⁰

264 4813 392 4888 quadrae,
409 4831 479 4885 quae
496 4815 582 4872 Tabb.
601 4815 670 4872 Rud.
688 4814 707 4871 ι.
726 4818 779 4875 100
