3478 5424
267 370 278 388 Ι
298 405 342 480 74
623 388 625 400 ,
851 417 966 476 loannis
985 417 1098 490 Keplcri

298 589 327 641 et
343 587 418 644 saxis
437 587 560 660 aliisque,
578 607 649 661 quae
666 594 838 663 superficiem
855 601 944 651 terrae
962 599 1098 664 asperent.
1123 593 1296 664 Relinquitur
1306 591 1395 660 igitar,
1414 597 1446 646 nt
1458 589 1557 646 clrcnli
1570 586 1650 642 futuri
1730 585 1734 620 ’-

249 669 252 679 ’
296 675 400 734 puncta
419 667 527 737 singula
545 670 688 726 intervallo
707 687 760 727 non
779 674 894 743 longiori
913 674 947 730 ab
959 674 1073 730 inaIcem
1086 672 1223 742 dietantIa,
1243 685 1321 740 qnam
1337 679 1370 727 nt
1388 670 1507 726 alterurn
1520 669 1557 725 ab
1570 666 1650 723 altera
1728 665 1734 672 '

298 748 419 816 eonaptct
437 750 533 818 possit,
553 749 667 817 einguIIe
686 751 861 820 designentur
878 753 1014 823 tuniculis,
1033 753 1068 809 ab
1086 755 1181 810 eodem
1199 749 1261 824 palo
1274 751 1359 808 nexis.
1384 751 1423 805 Et
1434 759 1529 803 tamen
1547 761 1651 802 mensor

296 823 359 880 inde
372 841 388 880 a
401 828 464 896 palo
477 828 511 882 ad
530 829 776 886 circumferentiam
795 847 872 888 cerro
891 840 990 888 onusto
1008 831 1116 889 incedat
1134 845 1246 889 neumae
1258 838 1308 900 eat,
1326 828 1489 888 atentiam
1502 823 1651 896 ipsilongi·
1732 869 1734 871 .

298 904 364 960 trado
383 905 495 961 funiculi
514 923 563 976 per
582 909 597 962 5
616 907 749 964 milliaria.

319 1039 327 1054 ,
406 988 447 1042 17.
468 989 512 1042 Ex
524 989 625 1044 XXIX.
644 990 784 1056 babemus,
802 993 942 1048 individua
955 992 1042 1062 gentis
1060 991 1163 1046 lunarIa
1181 1004 1235 1044 non
1248 1003 1309 1044 esse
1321 987 1392 1044 mole
1403 1003 1553 1058 corporum
1567 984 1652 1054 aequi·

299 1069 421 1139 peranda
439 1069 575 1126 montibus
593 1069 743 1141 lunaribus,
762 1088 796 1128 ex
809 1073 933 1127 XXXIII.
953 1089 1025 1139 vero,
1044 1087 1104 1127 asae
1122 1085 1266 1128 numerosa
1283 1067 1464 1123 multitudine
1492 1066 1565 1121 Cum
1577 1064 1653 1132 igitur

297 1147 474 1216 apparentiae
496 1155 630 1206 testentur
657 1151 690 1206 de
708 1149 837 1220 operibus
860 1151 967 1206 Illorum
984 1151 1153 1220 ingentibus,
1176 1152 1285 1219 oportet
1309 1162 1420 1202 numero
1443 1146 1559 1216 perfici,
1585 1141 1652 1213 qnod

297 1225 369 1280 mole
388 1242 531 1295 corporum
554 1227 657 1298 nequit.
693 1229 829 1299 Exempla
855 1231 1054 1301 qualiacunque
1079 1235 1160 1286 sunto
1186 1228 1268 1283 turris
1293 1225 1473 1294 Babylonica,
1499 1223 1653 1294 pyramides

297 1302 428 1434 ssegyptq
451 1320 532 1372 agger
553 1307 581 1364 in
605 1307 746 1376 provIncIa
767 1308 892 1364 Peranna
916 1307 1091 1380 longineImue
1113 1306 1204 1378 lapide
1226 1313 1396 1376 constratas,
1423 1321 1520 1362 marne
1544 1305 1655 1360 Sinara
1732 1379 1734 1384 Ι

324 1381 421 1436 arteris
439 1384 571 1442 muniens.

407 1461 446 1518 18.
466 1463 497 1520 ln
516 1463 563 1520 illa
588 1481 687 1534 magna
712 1481 807 1535 cavea,
834 1482 904 1538 quae
921 1466 1082 1524 diametrum
1100 1466 1184 1523 habet
1202 1468 1236 1524 10
1253 1463 1407 1521 millimium
1430 1463 1654 1534 germanicorum,
1733 1537 1734 1540 Ἴ

298 1540 371 1596 bona
396 1555 460 1611 para
485 1543 608 1600 diametri
633 1552 783 1614 occupatur
806 1547 841 1602 ab
860 1547 937 1602 hiatu
954 1546 1128 1613 iatemnedip,
1151 1546 1257 1602 labrum
1280 1547 1353 1602 Inter
1375 1552 1403 1600 et
1420 1544 1520 1600 collem
1543 1541 1655 1598 interius

299 1629 499 1692 assurgentem
524 1629 552 1678 et
570 1625 615 1694 qui
633 1641 688 1680 non
706 1626 794 1682 minus
813 1627 879 1682 dicit
896 1643 951 1682 nno
969 1626 1075 1682 milliari
1092 1627 1260 1694 germanico,
1285 1624 1308 1679 ia
1326 1640 1381 1680 non
1400 1631 1483 1692 negat
1500 1623 1594 1690 maius
1612 1619 1655 1675 ali·

300 1700 373 1770 quii,
393 1699 426 1757 de
444 1718 498 1770 quo
515 1709 632 1758 testatur
644 1704 728 1760 usne.
751 1707 822 1762 Hinc
835 1721 899 1761 aero
916 1705 1030 1760 aestima
1046 1705 1145 1760 molem
1163 1721 1315 1774 corporum,
1334 1703 1456 1772 quanvis
1469 1719 1525 1758 non
1539 1703 1577 1756 ait
1589 1715 1655 1756 com·
1733 1719 1734 1726 ι

300 1781 421 1850 peranda
440 1780 496 1836 suia
514 1782 666 1853 montibus,
691 1791 846 1839 nostrorum
864 1793 954 1842 tamen
973 1801 1116 1854 corporum
1134 1784 1204 1839 mole
1223 1783 1308 1838 multo
1330 1783 1475 1852 majorem
1501 1781 1609 1851 quippe
1627 1793 1657 1832 ea
1733 1787 1734 1794 ’

301 1859 440 1928 operibus,
466 1875 536 1929 quae
554 1869 649 1916 nostra
666 1861 839 1920 multitudine
856 1863 938 1933 longe
957 1869 1097 1932 superant.
1133 1863 1222 1930 Atque
1240 1863 1268 1918 id
1286 1863 1368 1931 plana
1385 1862 1413 1916 in
1431 1859 1540 1930 OptIcis
1558 1859 1580 1913 i.
1599 1857 1655 1912 250.

301 1951 336 1993 ex
354 1939 412 1994 sols
431 1940 633 2010 comparatione
651 1943 781 1998 mondum
799 1942 933 1998 lunarium
952 1958 1012 1998 eum
1026 1941 1127 1996 nostrie
1139 1955 1262 1995 asserere
1280 1956 1340 1995 eum
1353 1955 1446 2008 ancus,
1464 1937 1560 1992 verbis
1572 1934 1657 1990 bisce:

302 2019 402 2083 „Recte
420 2019 525 2074 Lunam
546 2038 562 2076 a
579 2019 727 2076 Plutarcho
744 2021 799 2076 tale
817 2037 915 2090 corpus
933 2020 995 2090 dici,
1014 2021 1094 2091 quale
1113 2021 1198 2076 Terra
1216 2027 1266 2087 eat,
1285 2020 1431 2089 inaequale
1448 2025 1658 2083 montoeumqne

300 2102 328 2151 et
344 2097 462 2166 maiores
481 2099 590 2167 quidam
608 2104 714 2156 montes
732 2097 761 2153 ἰιι
777 2101 954 2170 proportione
971 2101 1007 2156 ad
1025 2117 1102 2156 enum
1120 2099 1238 2170 globum,
1258 2115 1339 2170 quam
1358 2106 1423 2153 eunt
1440 2097 1547 2152 terreni
1565 2095 1594 2148 in
1612 2105 1659 2146 sna

299 2176 482 2244 proportione.
522 2179 564 2234 Ac
581 2183 612 2234 ut
629 2194 689 2233 cum
708 2178 856 2235 Plutarcho
874 2181 953 2236 etism
968 2180 1105 2250 jocamur:
1124 2181 1169 2250 qai
1189 2193 1273 2248 penae
1292 2193 1342 2233 noa
1361 2193 1413 2231 usu
1425 2177 1508 2238 venit,
1529 2181 1561 2229 nt
1577 2171 1661 2226 homi·

299 2269 348 2310 nes
368 2260 395 2308 et
413 2256 538 2312 animalia
559 2265 708 2327 aequantur
725 2258 861 2327 ingenium
878 2265 967 2316 terrae
990 2275 1038 2315 seu
1055 2258 1210 2329 pravicolae
1228 2271 1308 2324 snae,
1333 2261 1413 2310 erunt
1436 2255 1520 2321 igitur
1538 2253 1567 2306 in
1586 2251 1662 2307 Luna

301 2340 441 2390 creaturae
460 2335 594 2404 viventes,
619 2337 704 2392 mnlto
723 2337 819 2407 majori
836 2353 981 2408 corporum
998 2338 1069 2393 mole
1086 2343 1416 2407 temperamentorumqne
1440 2332 1556 2402 duritie,
1582 2345 1661 2401 qnam

300 2415 410 2466 nostra¹⁴
432 2419 484 2468 etc.

408 2491 451 2546 19.
471 2491 538 2546 (lam
556 2499 707 2561 appareant
717 2495 809 2550 ioeeae
821 2497 879 2564 (per
891 2497 976 2564 XXV)
995 2511 1097 2568 eaeque
1115 2499 1170 2552 sint
1188 2495 1322 2552 factitium
1334 2490 1439 2562 aliquid
1451 2490 1512 2560 (per
1523 2485 1663 2556 XXVIII),

302 2567 468 2635 impossibiIe
486 2577 542 2638 eet,
562 2585 608 2624 eas
627 2570 680 2624 elia
697 2575 802 2630 ratione
819 2574 891 2642 fieri,
911 2591 991 2644 quam
1010 2576 1148 2642 egestione
1167 2573 1305 2629 materiae.
1341 2571 1404 2628 Non
1421 2569 1567 2624 inveniunt
1585 2566 1662 2634 enias,

302 2647 348 2701 ubi
367 2646 507 2704 defodiunt
524 2649 551 2702 ln
569 2650 636 2719 ipsis
654 2650 747 2710 alveis.
778 2652 822 2707 Ex
840 2653 955 2708 materia
972 2653 1067 2722 nequit
1084 2653 1151 2709 nihil
1169 2651 1237 2724 fleri,
1257 2652 1328 2708 sicut
1345 2665 1380 2705 ex
1397 2647 1484 2704 nihilo
1504 2661 1552 2704 ara
1570 2644 1664 2715 nequit

302 2723 392 2780 Iacere
411 2723 512 2794 aliquid
532 2741 701 2795 corporeum.

406 2805 450 2862 20.
470 2806 530 2860 Hoc
548 2806 582 2861 de
599 2807 633 2862 iis
651 2808 773 2863 ceteruia
790 2809 828 2864 sit
844 2825 949 2878 verum,
973 2827 1043 2882 quac
1066 2812 1172 2868 foveam
1190 2808 1312 2864 exterius
1337 2807 1470 2862 munitam
1488 2821 1544 2860 non
1563 2802 1665 2858 babere

301 2884 392 2953 aliquo
410 2883 487 2939 labro
505 2885 596 2941 lucido
615 2896 768 2958 cernuntur,
787 2897 817 2944 ut
835 2892 870 2947 ad
887 2892 971 2946 XXX.
989 2891 1098 2958 dimum,
1118 2895 1146 2944 et
1163 2889 1190 2944 in
1209 2888 1400 2944 observatione
1421 2885 1486 2941 anni
1499 2883 1580 2942 1623.
1601 2888 1665 2953 post

301 2963 427 3018 XXXIV.
464 2963 544 3031 Quod
567 2972 658 3020 autem
683 2967 830 3022 Introreum
849 2976 943 3039 egesta
961 2969 997 3024 ait
1014 2970 1139 3038 materIs,
1166 2969 1290 3038 seqnitur
1312 2981 1347 3020 ex
1366 2963 1530 3036 apparentia
1555 2962 1664 3018 ccillam

304 3059 338 3098 ex
356 3042 440 3098 lando
459 3043 672 3114 assurgendum,
693 3053 721 3102 et
738 3060 772 3100 ex
791 3046 927 3102 axiomata
944 3048 1142 3118 metaphysIco,
1166 3047 1239 3116 quod
1254 3045 1323 3100 nidd
1341 3045 1390 3100 fiat
1410 3045 1470 3100 siue
1489 3059 1584 3100 cansa.
1620 3039 1665 3095 Fit

304 3127 393 3176 antem
411 3120 456 3176 blo
474 3121 590 3178 altitudo
608 3122 636 3177 in
653 3124 742 3178 medio
762 3139 868 3192 caveae,
888 3141 953 3196 argo
972 3141 1004 3180 ea
1022 3141 1098 3181 auam
1115 3125 1200 3181 habet
1217 3139 1337 3182 caueam.
1375 3125 1438 3178 Non
1458 3129 1501 3176 eet
1518 3136 1585 3176 vero
1604 3135 1665 3190 pro·

302 3198 418 3253 habilior
435 3213 526 3266 cauea,
545 3215 625 3269 quam
644 3202 747 3270 egestio
765 3203 903 3268 materiae,
923 3219 994 3273 qnae
1011 3205 1087 3273 prins
1106 3205 1263 3276 oppleverat
1281 3203 1384 3258 fossam
1400 3201 1518 3259 vicinam
1531 3215 1665 3270 apparen-

302 3281 357 3332 tem
376 3277 558 3336 cbcnmoirca
575 3293 628 3333 nec
645 3277 726 3336 facile
744 3281 798 3337 alia
815 3282 915 3350 poterit
934 3283 1089 3351 excogitari.

407 3356 450 3411 21.
470 3356 600 3426 Sequitur
617 3365 649 3412 ut
666 3375 734 3428 quas
753 3377 881 3416 cavernas
900 3361 992 3417 amicit
1010 3360 1117 3420 labrem
1134 3361 1263 3429 lucidum,
1281 3361 1310 3418 in
1328 3361 1361 3416 iia
1380 3360 1514 3417 materiae
1532 3375 1600 3431 pars
1620 3373 1665 3413 ex·

302 3441 420 3490 trorsum
439 3437 475 3491 sit
493 3443 594 3503 egesta.
630 3438 706 3493 Haec
724 3439 794 3494 enIm
812 3440 880 3496 illud
898 3440 987 3509 ipsum
1005 3440 1112 3495 labrum
1131 3439 1222 3495 eflicit.
1259 3438 1357 3495 Totam
1377 3440 1518 3495 materiam
1538 3438 1665 3500 dicerem,

303 3514 327 3570 ei
344 3531 430 3570 vacua
448 3520 522 3570 esset
539 3515 629 3583 insse,
654 3517 677 3573 ai
700 3533 755 3572 non
774 3533 807 3572 ex
826 3519 886 3587 ejus
910 3517 993 3574 bando
1016 3526 1171 3587 assurgeret
1193 3519 1279 3575 collis.
1317 3519 1371 3575 Ubi
1390 3534 1457 3589 ergo
1482 3517 1564 3574 cellit
1582 3517 1666 3584 iuras,

304 3593 342 3651 ibi
359 3611 423 3666 pare
441 3597 523 3652 etiam
541 3596 687 3650 iatroreum
707 3597 780 3666 egeri
797 3598 926 3654 creditur.
945 3655 949 3664 ,

407 3673 451 3728 22.
471 3671 581 3742 Duplex
600 3673 700 3728 vallum
718 3677 747 3731 in
765 3676 816 3744 hle,
836 3675 908 3744 quia,
927 3673 1001 3744 qnod
1020 3673 1085 3738 dlxi,
1104 3675 1209 3732 labrum
1222 3676 1345 3732 exterius
1357 3682 1402 3733 eet
1419 3676 1541 3748 prbrum
1557 3673 1667 3740 callum,

304 3751 378 3823 quod
396 3768 459 3809 vero
478 3753 626 3809 iutroream
644 3753 774 3822 egeritur,
801 3752 901 3808 vallum
926 3753 958 3808 fit
981 3768 1035 3806 non
1058 3753 1149 3809 fosete
1172 3755 1302 3809 exteriori
1325 3755 1383 3826 (cui
1402 3757 1437 3812 ab
1463 3756 1538 3812 iutra
1561 3751 1666 3810 nullum

304 3831 405 3887 eminet
422 3833 585 3901 periculum)
604 3831 651 3886 sed
670 3832 783 3890 lacunae
801 3833 830 3886 iu
847 3831 937 3886 medio
955 3830 1082 3886 umbilico
1101 3832 1188 3887 collis.

407 3911 448 3967 2³.
468 3910 635 3966 Profundam
655 3911 836 3966 casalensem
859 3910 1019 3974 admodum,
1045 3911 1125 3979 copta
1142 3917 1260 3967 testatur
1277 3910 1409 3972 materiae
1428 3919 1557 3980 egestae,
1584 3917 1615 3965 ut
1634 3923 1668 3962 ex

302 4006 359 4062 qua
376 4006 437 4045 cum
455 3991 575 4044 exterior
592 4004 676 4059 agger
694 3988 813 4058 undique
830 3989 951 4044 ambiens
970 3987 1118 4043 altitudinis
1136 3988 1257 4060 Insignis,
1276 3997 1335 4046 turn
1354 3991 1471 4046 interior
1489 3991 1571 4048 collis
1589 3987 1669 4044 ualde

304 4077 332 4125 et
350 4069 408 4138 lpse
428 4068 600 4137 conspIcuus.

408 4149 452 4206 24.
471 4149 515 4202 Ex
527 4146 717 4203 ohservatn‘one
729 4145 841 4201 XXVII.
861 4151 889 4199 et
908 4161 941 4199 ex
960 4144 1064 4200 ratione
1081 4147 1257 4201 construendi
1273 4147 1409 4204 hactenus
1423 4147 1556 4205 deducta.
1574 4144 1669 4201 Posito

304 4227 375 4282 enim
394 4228 462 4290 hoc,
486 4225 557 4294 quod
577 4223 638 4280 loca
656 4225 747 4280 omnia
764 4240 781 4278 a
797 4223 861 4292 palo
881 4223 1001 4291 undique
1019 4223 1201 4292 aequIdietent
1216 4231 1245 4280 et
1263 4227 1337 4295 qnod
1362 4227 1397 4282 ab
1418 4243 1473 4281 nno
1498 4226 1563 4281 loco
1583 4223 1669 4291 desig·

303 4313 367 4362 nato
386 4306 421 4361 ad
440 4304 522 4361 ubam
541 4304 714 4359 continuetur
730 4303 813 4366 fossa,
831 4303 879 4357 liet
897 4303 1006 4357 omnino
1024 4303 1141 4358 cicculus
1160 4319 1194 4358 ex
1213 4303 1297 4367 lorea,
1318 4319 1405 4374 qnare
1423 4305 1510 4360 etiarn
1523 4320 1559 4359 ex
1572 4315 1670 4370 aggere

304 4386 433 4442 exteriori
451 4399 540 4454 exque
557 4383 687 4452 Interiori,
706 4390 737 4437 ut
756 4381 863 4450 quidem
883 4379 916 4433 ad
930 4396 1003 4435 ιιιιιιι.
1016 4381 1060 4437 25.
1079 4395 1185 4434 moneo.
1207 4381 1303 4436 Posita
1321 4382 1392 4436 enim
1407 4391 1541 4438 creatura
1558 4379 1670 4435 rationis

303 4466 436 4535 participe
456 4462 663 4534 quadamtenus,
679 4463 737 4530 jam
756 4475 810 4513 non
829 4465 871 4513 eat
889 4458 924 4514 ab
942 4457 989 4513 illa
1007 4457 1095 4514 aliena
1112 4459 1181 4514 baec
1193 4458 1373 4514 iuniculorum
1387 4460 1555 4531 aequalitas,
1574 4461 1602 4514 in
1612 4473 1670 4514 om·

303 4559 352 4599 nce
369 4551 463 4615 partes
481 4548 666 4597 extentorum.

409 4621 450 4678 26.
470 4621 549 4675 Mene
568 4616 635 4672 nihil
654 4617 711 4686 egit
728 4617 840 4671 trustra.
876 4613 1017 4668 Excarare
1040 4629 1105 4668 xero
1129 4614 1258 4670 vertIccm
1283 4613 1361 4671 collis
1383 4615 1475 4672 intImi
1493 4633 1547 4674 cen
1565 4613 1670 4671 nmbrli-

312 4717 382 4767 cum,
400 4700 434 4756 de
453 4698 592 4768 superfluo
610 4695 724 4764 videtur,
744 4709 803 4748 cnm
823 4708 857 4748 ex
876 4693 936 4761 Ipsa
954 4693 1110 4762 aggestione
1127 4695 1256 4750 materiae
1275 4709 1310 4748 ex
1328 4693 1405 4749 fossa
1422 4695 1576 4750 introrsum
1589 4707 1672 4763 agger

305 4777 335 4832 iu
354 4775 438 4833 altum
457 4789 583 4832 crescens
599 4773 737 4842 relinquat
754 4771 828 4826 ultro
846 4771 971 4826 lacunam
988 4772 1017 4827 in
1035 4777 1128 4826 centro
1147 4778 1178 4825 ut
1196 4773 1230 4827 sd
1249 4772 1295 4827 27.
1313 4788 1421 4827 moneo.

410 4857 453 4915 28.
472 4856 533 4913 Hoc
551 4869 660 4930 qnoque
679 4851 759 4913 nobis
777 4851 865 4907 dictat
880 4851 1018 4908 terrestria
1036 4854 1129 4905 noema
1147 4850 1305 4908 mechanica
1323 4857 1351 4906 et
1364 4851 1589 4910 architectonica
1618 4851 1673 4908 Est
