3436 5416
639 419 666 476 in
685 418 755 476 Orbe
773 414 877 475 Lunae.
1368 419 1431 489 101

8 677 10 688 i
85 601 179 678 (suum
203 598 322 660 irradiat
344 597 405 675 Sol,
429 603 470 660 sic
492 601 608 661 animae
629 601 774 660 rationem
794 600 959 676 impartitur
980 600 1083 678 mens).
1114 597 1227 675 Quibus
1243 615 1313 659 vero
1328 601 1433 660 morti-

83 689 137 749 bus
158 690 378 766 exstinguimur,
402 705 502 748 earum
525 688 618 749 altera
640 689 758 764 quidem
781 705 816 747 cx
839 689 931 748 tribus
955 690 1029 748 inter
1051 704 1082 747 se
1106 689 1265 764 compactis
1288 687 1433 758 duciacit

18 831 21 838 ,
84 769 309 854 hominem¹⁰⁰),
333 776 426 836 altera
448 793 483 836 ex
507 776 623 836 dnobus
637 772 691 853 ¹¹⁰)
714 777 873 853 compactis
897 793 1001 848 unum,
1025 784 1165 844 mentem;
1195 781 1224 832 et
1247 774 1340 835 altera
1363 779 1432 852 qui·

84 863 147 924 dem
170 863 267 924 locum
290 863 380 923 habet
400 866 431 922 in
454 863 567 924 Cereris
590 859 732 948 (regione,
757 863 849 924 altera
871 865 901 920 in
924 863 1034 923 Lunae.
1082 861 1168 938 Quod
1192 864 1267 922 euim
1290 866 1319 920 in
1342 863 1433 924 Terra

8 993 10 1002 .
83 958 218 1029 coeptum
241 959 294 1025 est,
318 951 348 1010 id
371 957 487 1028 oportet
509 949 635 1028 Lunam)
659 951 689 1008 iu
711 969 743 1011 se
765 953 832 1028 ipsa
854 951 1001 1028 perticere.
1048 951 1181 1010 Mortuos
1204 949 1322 1025 quidem
1338 951 1432 1012 sthe-

82 1041 197 1101 nienses
220 1038 355 1100 Cereales
379 1041 572 1114 nominarunt,
596 1055 631 1099 ex
654 1039 775 1116 antiquo
800 1057 869 1099 vero
892 1042 921 1096 in
945 1038 1029 1098 Lusa
1051 1039 1244 1114 Proserpinae
1267 1044 1297 1098 et
1319 1038 1433 1099 Cereris

8 1123 9 1130 '
83 1125 298 1187 contubernalis
321 1135 366 1187 est
389 1125 558 1202 Mercurius,
582 1126 701 1188 alterius
724 1125 842 1204 quidem
864 1129 1022 1200 terrestris,
1046 1125 1164 1186 alterius
1193 1142 1263 1185 vero
1287 1125 1432 1188 coelestis.

8 1213 10 1224 ²
82 1215 178 1276 Solvit
199 1232 270 1275 vero
293 1214 386 1275 altera
409 1210 527 1290 quidem
550 1215 681 1274 celeriter
703 1221 733 1274 et
757 1231 823 1274 eum
845 1213 988 1276 violentia
1012 1215 1182 1274 animumn
1205 1230 1334 1290 corpore,
1357 1214 1476 1293 Pro·¹
1587 1205 1641 1286 .''.
1656 1211 1708 1266 .·‘·:

8 1325 9 1332 ³
82 1305 199 1380 scrpina
221 1318 291 1362 vero
314 1303 421 1362 sensim
445 1311 474 1362 et
488 1301 580 1362 multo
604 1309 734 1379 tempore
756 1309 882 1362 mentem
905 1302 943 1361 ab
967 1296 1143 1378 anima¹¹¹).
1187 1301 1290 1377 quue
1313 1304 1342 1362 et
1364 1304 1433 1361 uni-

8 1441 10 1450 .
82 1393 181 1470 genita
205 1389 318 1465 dicitur,
342 1393 412 1467 quia
434 1389 467 1450 lit
481 1389 643 1449 solitarium
666 1388 705 1465 id,
730 1389 808 1467 quod
830 1391 860 1448 in
876 1389 993 1450 homine
1007 1389 1203 1468 praestantius
1226 1396 1284 1463 est,
1307 1397 1332 1448 st
1347 1390 1434 1450 luerit
1513 1389 1535 1406 '¹
1676 1379 1709 1442 '¹-

8 1543 10 1550 ¹
82 1479 118 1538 ab
140 1481 373 1556 ipsaseeretum.
410 1477 460 1538 Sic
482 1485 580 1538 autem
602 1485 707 1537 natura
724 1479 866 1554 contingit
880 1485 1050 1554 unumque:
1074 1494 1189 1537 omnem
1212 1479 1348 1550 animam,
1372 1486 1432 1538 mm
1487 1515 1489 1520 -

8 1577 9 1584 ’
83 1583 158 1642 quae
181 1582 299 1639 amens,
324 1583 411 1642 quam
435 1581 510 1643 quae
534 1581 599 1624 cum
622 1571 735 1639 mente,
768 1564 856 1625 iatale
879 1572 933 1639 est,
957 1583 1022 1624 cum
1046 1565 1140 1641 eiecta
1161 1565 1261 1636 luerit,
1284 1567 1433 1642 regionem

8 1705 9 1708 ,
82 1654 174 1727 illam,
199 1671 274 1730 quse
298 1655 373 1712 inter
387 1653 502 1713 Lunam
524 1661 554 1713 et
576 1652 696 1714 Terram
718 1659 771 1727 est,
796 1655 960 1730 pervagari,
984 1659 1113 1729 tempore
1127 1660 1224 1712 minen
1239 1670 1297 1712 non
1314 1653 1433 1732 aequali

8 1761 10 1800 ;
83 1748 244 1819 utramque.
275 1739 351 1800 llam
374 1742 481 1818 impiae
499 1739 617 1816 quidem
641 1747 670 1801 et
691 1741 916 1817 intemperantes
939 1758 1049 1818 poenas
1064 1748 1251 1817 peccatorum
1266 1739 1433 1816 exsolvunt,

8 1845 10 1852 ·
79 1829 176 1906 justas
198 1845 269 1888 vero
293 1836 322 1888 et
345 1845 455 1904 aequas
477 1827 516 1887 ad
538 1835 654 1906 tempus
677 1829 882 1903 constitutum,
914 1835 1055 1904 quantum
1077 1845 1151 1904 opus
1174 1827 1212 1886 ad
1234 1821 1434 1901 expiationem

8 1901 14 1975 ³.
83 1923 112 1978 ct
133 1917 344 1994 expirationem
368 1915 556 1989 macularum,
581 1933 657 1991 quae
679 1924 836 1993 supersunt
858 1934 877 1977 a
899 1932 1029 1992 corpore,
1053 1923 1193 1992 tanquam
1216 1932 1307 1974 causa
1329 1934 1432 1992 prava,
1496 1901 1533 1967 f

8 1991 9 2032 3
81 2007 111 2062 in
133 2002 374 2082 tranquillissimo
398 2005 488 2078 ae'ris,
513 2002 592 2080 quod
614 2003 707 2063 valles
730 2003 834 2063 inferni
856 2003 1044 2081 appellitant,
1069 2003 1208 2063 diversari
1231 1999 1431 2088 oportet¹¹²);

8 2095 10 2172 ζ
82 2091 187 2152 deinde
211 2099 350 2168 tauquam
374 2109 409 2152 ex
432 2093 664 2168 peregrinatione
680 2090 760 2151 exilii
783 2091 937 2167 cujusdam
951 2108 1086 2153 reversae
1109 2092 1138 2148 in
1159 2085 1352 2168 patriam¹¹⁸)
1376 2092 1430 2154 da-

8 2201 10 2246 ε
81 2186 202 2257 gustant
231 2177 385 2255 gaudium,
416 2179 503 2256 quale
533 2181 639 2239 initiati
663 2178 780 2255 (sacris)
809 2181 965 2256 praecipue
997 2181 1153 2239 commixta
1181 2177 1374 2254 trepidatione
1403 2187 1432 2240 et

8 2311 10 2356 ἶ
81 2283 192 2344 pavore
215 2284 280 2326 curn
302 2283 355 2343 spe
377 2267 518 2344 singulari
532 2261 585 2342 ¹¹⁴)
612 2261 872 2343 experiuntnr¹¹⁵h
911 2266 1022 2325 Multas
1045 2267 1122 2326 enim
1144 2265 1273 2325 extrudit
1295 2273 1324 2326 et
1339 2266 1431 2328 veluti

8 2357 10 2392 ³
81 2353 186 2415 fluetus
209 2355 319 2430 impetu
341 2355 436 2430 rejicit
455 2354 577 2431 Jamjam
599 2349 703 2414 Lunae
727 2352 811 2414 aedes
835 2355 919 2431 quasi
942 2355 1153 2431 capturientes,
1178 2353 1320 2430 quasdam
1343 2357 1431 2415 ctiam
1520 2421 1523 2428 ,

73 2459 190 2516 Μαι,
214 2459 290 2519 quae
314 2448 382 2501 sunt
402 2442 453 2516 ibi,
476 2442 563 2501 rebus
585 2442 769 2501 interioribus
793 2439 961 2516 delectatas,
985 2443 1131 2519 aspiciunt
1152 2457 1266 2501 rursum
1288 2442 1378 2502 veluti
1402 2446 1431 2501 iu
1546 2485 1549 2494 ,
1598 2405 1707 2550 sut}

8 2579 10 2608 ,
81 2529 257 2607 proinndum
282 2527 418 2606 demergi.
465 2527 547 2604 Quae
570 2547 640 2589 vero
663 2528 722 2589 alte
744 2529 936 2604 evolaverint,
961 2533 1048 2590 etiam
1070 2529 1190 2588 firmiter
1211 2527 1326 2591 locatae
1349 2539 1431 2608 sunt3

8 2621 10 2680 l
81 2621 207 2694 primum
230 2619 309 2676 enim
331 2634 411 2677 more
433 2616 673 2694 triumphantium
698 2619 893 2690 circumstant,
917 2617 1043 2676 redimiti
1059 2617 1182 2691 coronis,
1205 2617 1318 2676 alarum
1341 2617 1433 2679 fulcra

8 2693 10 2776 ξ
81 2705 180 2777 dictis,
206 2707 277 2780 quia
298 2706 433 2764 nimirum
454 2705 569 2764 brutam
592 2705 706 2764 animae
729 2704 898 2765 facultatem
921 2711 951 2765 et
972 2705 1359 2787 affectuumgeneratricem
1382 2722 1433 2766 ra-

8 2789 9 2850 Ϊ
80 2795 152 2851 tioui
176 2808 273 2868 aequo
296 2796 393 2853 animo
416 2791 564 2853 subditam
579 2798 608 2852 et
624 2800 756 2853 ornatam
778 2793 907 2852 moribus
922 2794 951 2850 in
967 2794 1029 2853 vita
1044 2795 1258 2871 praestiterunt
1296 2791 1431 2855 Secundo

80 2879 157 2939 Solis
181 2879 271 2940 radiis
293 2879 448 2940 assimilari
469 2885 593 2958 possunt
614 2881 695 2954 visu,
726 2880 803 2939 circa
825 2882 952 2938 animam
975 2897 1044 2940 vcro
1066 2897 1180 2940 sursum
1204 2879 1350 2940 elevatam
1372 2898 1430 2941 non

8 2995 10 3038 ;
81 2985 163 3028 secus
187 2975 278 3044 atque
299 2966 347 3028 hic
369 2968 489 3042 aetheri,
513 2969 563 3046 qui
579 2969 655 3028 circa
668 2965 782 3027 Lunam
799 2966 1030 3047 (immerguntur)
1053 2975 1082 3028 et
1104 2968 1141 3026 ab
1164 2966 1215 3026 illo
1238 2970 1430 3029 intensionem

8 3051 10 3134 ζ
80 3057 199 3134 vimque
230 3072 314 3114 snam
337 3071 503 3116 non-secus
525 3053 648 3127 acilia,
679 3071 755 3131 qnae
779 3053 986 3115 excandelacta
1009 3054 1134 3132 chalybe
1157 3064 1301 3114 acuuntur
1323 3057 1431 3116 intinc-

81 3145 158 3203 tione
183 3145 214 3202 iu
237 3160 353 3218 aquam,
377 3145 574 3202 munrauonem
596 3145 759 3219 acquirunt.
792 3141 880 3218 Quod
902 3145 977 3202 enim
1001 3143 1030 3200 ln
1053 3141 1111 3202 illis
1127 3148 1261 3218 superest
1282 3159 1377 3202 rarum
1401 3150 1431 3204 et

8 3235 10 3256 ²
81 3231 229 3304 diffusum,
252 3229 406 3290 roboratur
427 3227 517 3304 fitque
539 3229 645 3290 stabile
669 3238 698 3290 et
720 3229 907 3306 pellucidum,
930 3233 973 3290 sie
995 3237 1028 3288 ut
1043 3249 1062 3290 a
1077 3228 1273 3307 qualicunque
1296 3233 1431 3292 sullumi-

8 3331 10 3400 ζ
79 3323 209 3395 geilone,
233 3333 320 3393 qnam
342 3317 400 3377 lors
423 3315 498 3390 tulit,
522 3315 627 3376 alatur.
671 3317 785 3377 Etenim
807 3319 880 3377 scite
903 3316 975 3376 dixit
997 3317 1173 3391 Heraclitus,
1197 3319 1309 3378 animas
1331 3323 1361 3377 in
1384 3321 1431 3378 iu-

79 3406 158 3466 icmo
182 3399 376 3482 odorari¹¹⁰).

182 3489 338 3553 intuentur
360 3499 457 3551 autem
480 3493 604 3568 primum
626 3489 854 3568 magnitudinem
871 3491 973 3552 Lunae
995 3489 1300 3570 pulchritudinemque
1324 3499 1352 3554 et
1375 3511 1430 3554 na-

8 3539 11 3598 3
80 3588 172 3642 turam
196 3596 257 3639 non
281 3579 440 3657 simplicem
463 3596 558 3655 neque
581 3581 803 3656 impermistum,
827 3578 878 3639 sed
896 3589 1040 3656 tanquam
1063 3582 1232 3655 temperiem
1254 3597 1290 3639 ex
1306 3587 1384 3640 estro
1401 3587 1431 3642 et

8 3667 9 3670 ’
80 3667 169 3729 Terra
192 3667 312 3735 iactam
349 3667 424 3726 llam
447 3669 522 3726 sieut
545 3674 620 3726 terra
643 3674 731 3726 vento
755 3673 785 3726 et
807 3665 927 3728 humore
950 3673 1097 3727 macerata
1120 3666 1217 3726 mollis
1239 3667 1378 3740 redditur,
1402 3677 1431 3729 ct

8 3731 12 3810 l

8 3883 11 3932 i

8 3945 11 3996 l

79 3759 152 3818 sient
175 3757 297 3832 sanguis
321 3755 477 3816 interfusus
492 3771 609 3814 sensum
631 3753 675 3813 illi
699 3754 843 3828 conciliet,
868 3757 910 3814 sic
932 3755 1016 3830 ajunt
1032 3754 1146 3813 Lunam
1169 3754 1286 3815 aethere
1309 3758 1431 3816 tinctam

8 3833 10 3872 ³
81 3843 108 3902 in
130 3841 279 3920 profundo
302 3843 347 3901 eui
371 3843 499 3918 corporis
523 3840 609 3901 simul
632 3843 790 3901 animatam
813 3858 877 3901 esse
901 3849 930 3901 et
953 3840 1145 3916 foecundam,
1166 3843 1253 3901 simul
1276 3846 1432 3919 gravitatis

80 3937 109 3991 et
128 3930 264 3990 levitatis
293 3937 441 3989 momenta
470 3927 508 3989 ad
531 3927 735 4007 aequilibrium
757 3929 865 3989 habere
893 3924 1200 4003 commensurata¹¹⁷).
1244 3930 1319 3990 Nam
1343 3935 1432 3992 etiam

8 4007 14 4072 t
80 4021 174 4096 ipsum
198 4015 349 4090 mundum,
373 4023 477 4076 natura
499 4024 667 4094 coaptatum
691 4034 725 4076 ex
747 4016 880 4093 partibus
902 4034 978 4092 quae
1000 4035 1114 4078 sursum
1136 4026 1293 4077 moventur
1307 4026 1337 4079 et
1356 4037 1432 4097 quae

8 4085 10 4168 ἶ
81 4107 227 4178 deorsum,
250 4105 308 4166 hac
329 4105 443 4164 ratione
464 4103 620 4164 liberatum
643 4122 707 4164 esse
729 4107 758 4162 in
782 4105 950 4164 universum
973 4106 1010 4165 ab
1034 4108 1111 4165 omni
1134 4113 1215 4165 motu
1238 4105 1337 4166 locali
1376 4107 1431 4167 Vi·

18 4193 163 4254 'detur
186 4200 287 4253 autem
309 4191 364 4252 hoc
387 4198 417 4251 et
431 4190 614 4252 Xenocrates
638 4208 753 4252 monere
776 4192 905 4252 voluisse
928 4191 1029 4253 divina
1049 4192 1175 4269 quadam
1198 4195 1431 4270 ratiocinatione,

8 4281 10 4336 ἓ
79 4283 233 4359 principiis
255 4297 275 4339 a
295 4279 419 4340 Platone
442 4275 702 4355 transsumtis¹¹⁸)
750 4277 807 4339 Hie
829 4281 905 4339 enim
928 4279 1014 4340 Plato
1037 4288 1097 4354 est,
1120 4285 1170 4358 qui
1194 4285 1282 4342 etiam
1305 4282 1430 4342 siderum

81 4366 328 4447 unumquodlibet
357 4373 525 4445 coaptatum
553 4369 658 4427 statuit
686 4385 721 4427 ex
744 4375 820 4428 terra
843 4369 902 4426 et
894 4385 961 4445 rgne
988 4371 1138 4441 revinctis,
1169 4386 1222 4445 per
1244 4369 1431 4430 intermedias

81 4465 202 4518 naturas
219 4453 306 4536 (a'e'ris
321 4461 351 4516 et
366 4451 472 4538 aquae)
487 4455 523 4516 ad
539 4457 754 4535 proportionem
771 4455 976 4533 (extremorum
988 4449 1043 4534 ¹¹⁹)
1060 4456 1228 4534 descriptas.
1259 4457 1338 4518 Nihil
1355 4458 1431 4518 enim

9 4599 10 4602 ,
83 4547 255 4606 insensum
277 4545 437 4618 incurrere,
467 4544 515 4603 cni
542 4561 601 4603 nou
624 4548 654 4602 et
675 4549 767 4604 terrae
790 4545 957 4620 quippiam,
982 4553 1011 4602 ut
1029 4549 1104 4616 tangi
1121 4550 1216 4618 possit,
1247 4553 1276 4605 et
1302 4545 1429 4622 luminis,

8 4659 9 4664 ¹
83 4643 112 4692 nt
128 4634 231 4705 rideri,
248 4631 288 4691 sit
309 4630 442 4690 inditum.
487 4629 672 4692 Xenocrates
701 4647 771 4691 vero
801 4629 898 4693 sidera
927 4629 1044 4707 quidem
1068 4638 1097 4690 et
1119 4629 1217 4692 Solem
1240 4633 1282 4690 ait
1305 4649 1341 4691 er
1363 4636 1431 4708 igne

82 4729 167 4782 etex
191 4722 287 4799 primo
311 4717 401 4780 denso
424 4725 571 4794 constare,
601 4717 714 4778 Lunam
737 4735 806 4778 vero
830 4735 866 4778 ex
888 4717 1015 4778 secundo
1047 4717 1138 4778 denso
1161 4726 1190 4778 et
1212 4719 1328 4795 proprio
1352 4723 1429 4796 aire,

82 4807 203 4872 Terram
226 4807 352 4883 denique
374 4822 411 4868 ex
434 4823 512 4886 aqua
534 4813 563 4868 et
584 4807 651 4884 igne
673 4813 705 4886 et
725 4822 761 4867 ex
775 4804 866 4867 denso
889 4806 1101 4886 tardigradam
1124 4809 1154 4865 in
1170 4807 1337 4870 universum
1359 4824 1431 4874 vero
