3398 5426
287 419 353 490 276
642 415 815 474 Cohectsnoa
831 431 867 475 ox
884 415 1024 474 oodicibns
1041 393 1275 476 Pullxovionnbuu.

90 551 108 580 Ι·
172 583 178 598 ’
286 597 463 662 meridianae
485 612 537 674 per
559 593 671 673 aliquot
694 596 756 658 dios
779 595 912 657 solstitiis
934 597 1082 674 proximos
1106 603 1172 656 anto
1195 603 1307 675 etpost
1328 595 1505 676 indagarunt
1528 605 1632 658 oenum

286 689 363 750 diem
385 685 513 759 solstitii,
537 701 596 762 quo
618 685 695 746 lacto
718 703 770 762 per
793 702 886 745 annos
909 702 967 744 non
982 685 1049 762 plns
1064 693 1198 760 quatuor,
1222 686 1347 762 intelllgi
1361 694 1458 763 potest
1479 685 1632 763 longitudo

33 746 54 849 ἕ,
85 757 136 844 f*
218 819 219 824 η
285 779 355 837 anni
378 773 600 857 1111111136ὀῆ.
638 772 736 832 Adio
760 775 848 849 igitur
869 773 986 833 solstitii
1009 773 1140 833 lecerunt
1161 774 1275 834 initium
1289 777 1502 836 numerationis
1527 775 1632 834 dierum

283 865 372 939 anui.
386 881 452 923 cum
473 859 607 922 viderent
621 877 745 934 menses,
769 877 844 936 quos
857 860 944 921 Luna
966 860 1092 922 docebat
1114 858 1260 921 celebrare
1283 869 1313 922 et
1327 879 1488 938 numerare,
1516 863 1547 920 in
1562 880 1631 921 anno
1672 889 1673 894 κ

284 951 433 1013 solstitiali
454 951 558 1025 vagari
579 964 634 1008 noo
656 950 792 1009 omnibns
815 951 900 1008 annio
923 948 1046 1009 eundem
1077 951 1199 1010 retinere
1227 951 1325 1012 sitnm.
1359 949 1463 1026 Itaque
1486 949 1632 1012 Hesiodus
1672 995 1673 1004 ,

284 1042 327 1100 sic
350 1045 395 1100 est
426 1037 548 1098 solitus:
578 1033 677 1113 ἡματα
699 1033 867 1113 ὀ’ἑξηκοηα
886 1059 960 1112 μετα
981 1057 1093 1115 eponae
1115 1033 1233 1113 ἠελιοιο.
1279 1037 1328 1097 sic
1356 1040 1386 1095 ln
1415 1038 1502 1116 libris
1526 1038 1631 1114 Regum

282 1127 424 1206 legimus,
454 1121 774 1184 Nabuchodonosorom
796 1125 827 1182 in
850 1126 1041 1185 conversione
1064 1127 1132 1184 anni
1160 1141 1308 1185 reversum
1331 1143 1394 1185 esso
1424 1128 1455 1184 in
1477 1125 1631 1185 Judaeum

283 1216 322 1275 Et
343 1219 467 1275 testatur
483 1212 670 1288 Censorinus,
691 1211 837 1272 ludicrum
852 1209 1037 1290 Olympicum
1059 1210 1139 1288 apud
1155 1211 1308 1272 Elidenseo
1330 1215 1497 1272 institutum
1516 1213 1555 1274 ad
1572 1215 1631 1272 imi-

282 1304 423 1366 tationem
445 1307 542 1360 motus
561 1298 648 1375 Solis,
672 1302 781 1377 quippo
807 1301 839 1374 1)
855 1316 921 1360 cnm
943 1301 1027 1359 annis
1044 1306 1063 1359 4
1080 1302 1189 1360 exactio
1212 1317 1271 1360 nna
1293 1299 1356 1360 dieo
1379 1301 1536 1362 accederet
1559 1320 1632 1361 surn-

283 1407 350 1452 mao
382 1389 494 1449 dicrum
525 1405 559 1448 ex
588 1386 709 1448 modulo
733 1391 796 1448 365
820 1388 932 1446 diemm
955 1385 1110 1462 collectae,
1143 1386 1265 1447 totidem
1294 1390 1378 1447 annis
1409 1391 1525 1450 exactis
1550 1407 1630 1448 unum

7 1429 97 1566 usit
172 1497 175 1502 '
284 1478 464 1541 celebratum
486 1483 530 1536 est
552 1474 705 1536 ludicrum.
743 1474 811 1534 Huc
833 1474 962 1536 alludere
980 1474 1113 1534 videntur
1135 1483 1164 1535 et
1185 1477 1258 1534 ista:
1284 1479 1317 1547 2)
1340 1485 1455 1553 tempus
1473 1479 1556 1552 anni,
1580 1494 1630 1553 qno

283 1566 426 1627 ludicrum
449 1563 662 1638 celebrabatur,
688 1562 765 1623 idom
787 1564 877 1623 iertur
900 1579 964 1622 cum
989 1571 1118 1639 tompore
1140 1561 1258 1622 solstitii
1280 1566 1396 1624 aestivi.
1436 1567 1470 1639 3)
1494 1565 1568 1642 Ipsa
1588 1565 1630 1622 ln·

286 1653 356 1714 dicri
378 1654 486 1726 forma,
518 1668 620 1711 cursus
643 1668 784 1728 equorum
808 1650 846 1711 ad
867 1659 992 1724 mamm,
1024 1660 1055 1708 nt
1078 1649 1129 1710 Sol
1160 1653 1248 1710 currit
1271 1651 1308 1710 ad
1331 1652 1481 1728 fastigium
1505 1671 1630 1713 summae

283 1740 454 1815 altitudinis,
477 1745 507 1800 ot
529 1741 721 1800 circumactus
743 1755 877 1798 cunnum
901 1741 978 1799 circa
1000 1744 1122 1812 metam,
1146 1746 1178 1797 nt
1200 1737 1253 1798 Sol
1276 1755 1390 1800 cursum
1415 1745 1579 1816 convertit,
1601 1758 1630 1798 er

189 1839 190 1842 ’
283 1829 459 1892 ascendente
482 1827 576 1888 lactus
599 1826 787 1888 descendens.

387 1915 437 1980 Sic
459 1923 557 1975 notem
580 1914 642 1975 liert
664 1915 757 1989 solet,
781 1922 814 1973 ut
836 1911 927 1974 semol
956 1914 1121 1972 constitutis
1148 1912 1310 1990 disciplinis
1341 1917 1452 1991 posteri
1475 1917 1630 1975 oscitantes

176 1979 177 1984 ἵ
211 2009 213 2016 ‘
283 2013 402 2068 utantur
425 2011 456 2063 ut
479 2004 630 2080 perlectis,
662 2018 859 2078 successuque
889 1999 1054 2060 seculorum
1078 2001 1200 2076 obrepat
1228 2004 1436 2078 principiorum
1459 2005 1630 2080 ignorantis.

281 2095 331 2156 Sic
353 2092 460 2158 accidit
482 2092 568 2150 nobis
591 2091 752 2168 Europaeis
775 2097 843 2166 post
865 2093 1000 2148 inventos
1023 2087 1121 2164 cyclos
1144 2087 1270 2162 lunares,
1293 2093 1336 2148 sic
1351 2090 1450 2150 Persis
1472 2100 1545 2167 post
1567 2108 1631 2150 oon·

11 2143 94 2263 ,ζῷ’-1
167 2197 170 2206 ’
282 2184 401 2244 stitutus
424 2178 590 2256 Tecnphos,
614 2181 657 2238 sic
671 2178 796 2239 Judaeis
818 2187 885 2253 post
906 2177 1059 2235 inventum
1081 2177 1209 2252 ipsorum
1234 2185 1413 2253 computum,
1436 2179 1479 2238 sic
1493 2177 1632 2237 Romanis

280 2277 349 2348 post
372 2267 585 2330 ordinationem
600 2265 762 2338 lulianam,
785 2272 853 2342 post
877 2263 1085 2325 correctionem
1102 2265 1228 2340 Augusti
1251 2271 1280 2323 et
1303 2265 1395 2325 multo
1419 2268 1551 2326 maxime
1573 2273 1633 2342 post

20 2319 66 2398 'i
183 2375 184 2378 '
281 2359 395 2418 Numae
419 2354 624 2414 Calendarinm
654 2357 853 2414 constitutum.
899 2351 980 2411 Idem
1012 2353 1100 2427 igitur
1130 2361 1159 2410 et
1182 2350 1303 2411 Graecis
1333 2359 1401 2429 post
1424 2351 1632 2432 Olympiadnm

283 2447 368 2505 initia
391 2442 533 2504 accidisse
557 2451 785 2502 consentaneum
801 2449 854 2513 est,
877 2447 910 2498 ut
924 2439 1108 2499 inhaerentes
1132 2441 1295 2499 constitutis
1312 2449 1342 2500 et
1356 2443 1484 2500 inventis
1506 2450 1633 2502 veterum

283 2532 320 2592 de
342 2533 410 2591 anni
432 2527 615 2606 longitndine
638 2549 656 2588 a
678 2527 805 2589 solstitio
829 2525 867 2587 ad
889 2524 1048 2586 solstitium
1070 2543 1205 2603 sequens,
1228 2543 1282 2586 neo
1305 2530 1512 2588 continuantes
1537 2530 1632 2588 obser·

283 2621 450 2692 rationem,
480 2615 598 2676 tandem
628 2620 704 2676 circa
725 2615 854 2676 Metonis
883 2621 1016 2692 tempora
1038 2615 1271 2691 computaverint
1296 2615 1455 2676 solstitium
1478 2616 1529 2676 dio
1552 2618 1633 2694 longo

0 2681 91 2812 ijs
284 2706 482 2770 diversissimo
505 2723 524 2764 a
546 2705 672 2764 solstitio
696 2720 774 2764 reso.

387 2792 454 2853 Hoc
475 2793 565 2868 igitur
586 2791 701 2852 videtur
723 2793 813 2850 luisse
836 2796 1039 2865 argumentum
1053 2788 1185 2849 Thaletis
1200 2789 1304 2864 libelli,
1327 2807 1386 2866 quo
1404 2791 1579 2868 complexus
1594 2800 1634 2852 est

282 2905 335 2962 squ
356 2879 416 2943 ἀπο
439 2899 547 2958 sponna
568 2877 614 2939 ἐπι
635 2900 743 2956 sponqo
766 2885 895 2956 repedas
910 2875 1040 2954 (Olymp.
1055 2894 1080 2936 c.
1095 2876 1142 2954 L).
1183 2877 1287 2953 ltaque
1301 2877 1404 2938 Meton
1428 2879 1633 2958 heliotropium

282 2969 407 3031 collocat
429 2967 494 3028 loco
517 2965 636 3045 publico
660 2965 854 3041 ostenditque·
868 2966 915 3040 (nt
938 2982 991 3040 par
1014 2972 1058 3024 ost
1073 2963 1164 3040 credi)
1188 2983 1289 3025 verum
1312 2974 1341 3026 et
1364 2967 1556 3028 observabile
1578 2967 1632 3027 sol·

281 3060 393 3118 stitium
412 3057 475 3132 jam
499 3056 612 3131 aliquot
634 3050 738 3115 dicbus
762 3059 943 3113 antevertere
965 3054 1095 3127 ipsorum
1119 3059 1286 3129 compotum
1301 3070 1389 3130 super
1403 3054 1561 3114 modulum
1577 3055 1633 3114 die·

281 3163 345 3206 rum
368 3146 454 3228 3651
476 3149 664 3205 exstructum.
712 3141 774 3200 Nisi
797 3141 870 3200 sorte
899 3139 1097 3214 invigilaverit
1125 3140 1324 3200 observationi
1351 3142 1420 3200 hnic
1453 3151 1573 3202 tantum
1600 3143 1632 3200 ob

280 3231 473 3302 novilunium,
497 3228 577 3307 qnod
593 3237 656 3289 erat
670 3241 760 3305 caput
774 3245 845 3287 snae
860 3226 973 3304 periodi
989 3244 1129 3286 annornm
1147 3234 1196 3287 19.
1211 3227 1444 3310 (Anaximander
1459 3229 1507 3291 Ol.
1523 3229 1630 3290 Llllll.

282 3319 436 3396 horologia
458 3317 680 3378 Lacedaemona
704 3323 733 3376 ct
755 3315 931 3392 horoscopia
954 3317 1113 3388 corratituit,
1137 3315 1244 3391 quibus
1267 3317 1496 3392 aequinoctialia
1522 3325 1554 3378 et
1576 3329 1631 3376 tro-

281 3408 349 3484 pica
371 3399 480 3483 puncta
503 3412 586 3466 erant
607 3403 770 3481 designata,
794 3409 869 3462 teoto
892 3402 1009 3462 La'e'rtio
1033 3410 1062 3461 et
1084 3401 1197 3477 Plinio,
1227 3401 1327 3464 docuit
1350 3413 1380 3465 et
1400 3405 1559 3465 andiacum
1581 3407 1630 3463 nb

281 3496 394 3570 liqunm
421 3509 505 3568 ‘osso,
533 3492 687 3569 sphaeram
716 3509 745 3552 n.
773 3492 884 3567 primus
915 3491 1091 3564 construxit,
1121 3497 1240 3552 anctore
1267 3491 1378 3566 Plinio,
1409 3496 1495 3570 signa
1528 3491 1629 3553 deinde

281 3581 462 3642 Cleostratus
484 3583 513 3638 in
535 3578 657 3640 zodiaco
679 3588 708 3639 et
729 3579 824 3655 prima
848 3578 884 3650 Υ
912 3585 941 3636 ot
970 3575 1014 3650 l,
1039 3574 1086 3637 Ol.
1107 3576 1209 3636 LXX.
1255 3579 1289 3637 ln
1322 3579 1420 3640 bibliis
1443 3580 1528 3642 nulla
1552 3597 1629 3640 mon-

282 3670 324 3729 tlo
347 3672 505 3745 signorum.
550 3667 626 3726 Nam
648 3669 678 3724 in
703 3667 738 3739 Υ
760 3663 981 3725 constellatione
1005 3681 1070 3739 ver,
1101 3667 1131 3722 in
1161 3664 1191 3738 ,A
1219 3676 1357 3742 protensa
1379 3667 1630 3743 longitndinean·

279 3773 335 3816 nus
367 3759 430 3833 ipse
460 3755 626 3831 incipiebat.
672 3751 888 3813 Subdividebat
914 3769 980 3811 enm
1011 3751 1098 3812 Plato
1126 3754 1156 3811 in
1186 3751 1309 3814 Timaeo
1341 3762 1370 3814 et
1397 3754 1494 3815 adhuc
1524 3758 1630 3816 Aratus

280 3846 309 3902 in
328 3850 345 3903 6
361 3851 469 3921 partes,
492 3849 526 3901 ut
547 3840 696 3918 quaelihet
718 3840 827 3899 habeat
851 3845 869 3899 2
894 3841 987 3916 signa,
1012 3855 1048 3900 eo
1072 3839 1151 3916 quod
1174 3857 1232 3900 uno
1255 3843 1362 3902 intuitu
1384 3849 1498 3902 tantum
1514 3845 1630 3902 videre-

281 3939 327 3990 tur
350 3931 385 3991 de
408 3947 453 3991 eo.
494 3926 634 3990 Eudoxus
658 3927 866 3988 subdividebat
887 3928 917 3984 in
941 3933 991 4001 60,
1015 3934 1044 3987 ct
1066 3930 1109 3987 sic
1130 3929 1247 4004 signum
1269 3932 1299 3987 in
1317 3938 1345 3990 6.
1392 3929 1501 3991 Omnes
1528 3933 1631 3990 imma·

280 4020 390 4079 nebant
419 4018 520 4095 priscis
550 4016 756 4076 traditionibus
784 4015 821 4075 do
844 4013 890 4074 dio
914 4015 1048 4088 solstitii,
1081 4033 1147 4076 moa
1177 4019 1322 4093 opinione.
1367 4017 1443 4078 Nam
1466 4017 1631 4080 Columella

280 4109 425 4167 rationem
447 4103 562 4164 Eudoxi
585 4109 614 4164 ot
636 4101 851 4163 Chaldaeorum
873 4102 944 4162 lacit
966 4101 1111 4180 eandem.)

383 4191 478 4268 lgitnr
499 4191 661 4267 Hipparchi
683 4197 813 4267 temporo
835 4189 874 4260 (a.
897 4190 949 4248 Cb.
977 4185 1049 4269 127)
1067 4191 1131 4267 jam
1154 4189 1216 4252 dios
1240 4197 1258 4251 8
1282 4190 1505 4268 interciderant,
1539 4196 1584 4254 its
1605 4203 1631 4251 ut

154 4248 159 4260 Ι
197 4341 203 4351 ,
282 4279 458 4341 Chaldaicos
481 4285 635 4355 computus
657 4278 807 4340 exhiberet
834 4277 992 4338 solstitium
1016 4283 1034 4336 8
1059 4277 1162 4337 dicbus
1183 4287 1252 4356 post
1280 4281 1479 4341 observatum.
1529 4282 1629 4340 8diss

282 4371 313 4426 in
336 4351 454 4428 modulo
480 4368 550 4426 anni
572 4366 755 4443 Alpbonsino
782 4372 862 4425 1070
886 4367 970 4424 annis
993 4366 1228 4440 accumulantur,
1253 4371 1303 4444 qui
1326 4371 1476 4443 attingunt
1499 4375 1629 4446 tempora

280 4456 427 4530 Herculis,
458 4455 508 4530 qui
530 4455 640 4532 primus
662 4453 757 4514 ludos·
772 4451 942 4530 Olympicus
964 4452 1086 4527 lecerat,
1110 4455 1174 4513 400
1197 4456 1282 4514 annio
1304 4463 1373 4516 ante
1394 4455 1630 4517 Nahonassarem

281 4545 321 4617 (a.
346 4543 398 4602 Ch.
425 4542 534 4616 1261).
578 4541 678 4601 Thoth
701 4542 839 4624 Aegyptii
861 4541 970 4600 mensis
992 4542 1086 4615 prima
1108 4541 1170 4602 dies
1192 4543 1323 4603 babebat
1345 4545 1441 4620 ipsum
1463 4543 1630 4614 solstitium,

281 4649 317 4689 ex
340 4629 446 4690 tabulis
469 4630 576 4689 nostris
598 4635 674 4688 retro
698 4636 913 4704 computatum,
943 4629 999 4686 eub
1023 4635 1155 4688 exortum
1179 4630 1348 4692 Caniculae.
1394 4630 1522 4691 Omnino
1549 4635 1630 4710 igitur

281 4717 437 4779 verisimile
460 4723 513 4792 est,
537 4717 613 4776 circa
635 4723 768 4792 tempora
782 4714 918 4776 Herculis
933 4722 962 4773 ct
977 4714 1115 4776 Judicum
1139 4716 1257 4777 Israelis
1272 4717 1438 4780 Chaldaeos
1456 4721 1629 4782 observasse

282 4804 399 4863 solstitii
421 4804 498 4864 dlem
521 4810 551 4863 ot
573 4804 611 4863 ab
634 4802 685 4861 illo
709 4803 872 4881 Aegyptios
895 4803 1061 4878 auspicatos
1085 4820 1150 4864 esse
1173 4823 1259 4866 suum
1288 4823 1412 4881 annum,
1443 4809 1529 4885 enjus
1563 4810 1631 4868 haec

282 4889 445 4967 methodus,
468 4897 501 4952 ut
523 4892 633 4954 exactio
656 4892 740 4952 annis
756 4898 775 4952 4
790 4889 947 4952 solstitium
970 4892 1163 4954 ascriberetur
1186 4891 1246 4956 dici
1262 4899 1292 4956 2.
1308 4893 1416 4972 l’both,
1440 4898 1556 4960 exuatis
1575 4902 1630 4959 120
