3478 5424
584 1438 589 1456 Ι
664 1609 668 1616 .
706 1525 938 1629 scriniis
970 1527 1240 1628 KEPPLERI

340 1751 432 1920 1N
478 1750 873 1904 SOMNIUM
917 1748 1596 1952 astronomicum
1703 1971 1704 1974 Ὗ

436 2011 558 2104 Notae,
586 2021 785 2093 successive
813 2022 966 2112 scriptae
992 2021 1084 2095 inter
1110 2040 1219 2094 annos
1250 2015 1358 2090 1620.
1393 2009 1502 2085 1630.

893 2223 1049 2236 μιῇ-ι

396 2335 424 2391 1.
444 2335 533 2391 Sonus
551 2337 610 2408 ipse
628 2339 703 2396 vocis
720 2339 786 2396 mihi
804 2345 922 2400 occurrit
939 2357 974 2398 ex
985 2341 1172 2398 recordatione
1184 2340 1321 2397 nominum
1338 2336 1513 2410 propriorum
1530 2330 1654 2390 similiter

294 2411 450 2468 sonantium
467 2414 599 2470 historiae
618 2416 750 2490 Scoticae,
769 2436 840 2490 quae
857 2422 931 2491 regio
949 2427 1108 2493 prospectat
1125 2435 1256 2476 oceanum
1272 2417 1448 2474 islandicam.

398 2491 423 2545 2.
443 2491 549 2559 Lingua
567 2502 661 2550 nostra
679 2498 818 2554 teutonica
836 2507 916 2555 sonat
933 2507 1033 2555 terram
1051 2497 1199 2568 glacialem.
1235 2498 1268 2552 ln
1285 2497 1338 2552 hac
1355 2509 1421 2550 vero
1438 2497 1547 2548 remota
1564 2486 1654 2544 insula

294 2573 384 2627 locum
402 2582 453 2637 ego
470 2569 537 2624 mihi
555 2571 661 2641 dispexi
679 2573 829 2630 dormiendi
847 2583 875 2632 et
893 2577 1051 2642 somniandi,
1070 2583 1102 2632 ut
1119 2577 1238 2631 imitarer
1249 2574 1430 2647 philosophos
1447 2572 1475 2625 iu
1488 2570 1545 2625 boc
1557 2579 1656 2640 gauere
1705 2604 1711 2613 -

295 2646 461 2716 scriptionis.
497 2649 567 2704 Nam
592 2657 620 2704 et
640 2653 733 2709 Cicero
755 2656 863 2723 trajecit
887 2657 915 2711 in
932 2656 1052 2712 Africam
1071 2656 1266 2724 somniaturos,
1291 2659 1318 2708 et
1336 2652 1416 2707 Plato
1434 2649 1607 2704 Atlanticam
1629 2645 1656 2698 iu
1716 2682 1722 2692 .

294 2724 390 2780 eodem
408 2740 509 2808 oceano
528 2727 662 2798 Hesperio
681 2732 828 2788 fabricatus
847 2740 901 2804 est,
921 2735 992 2790 unde
1009 2733 1134 2790 fabulosa
1150 2732 1243 2788 virtvmi
1260 2730 1372 2786 militari
1390 2727 1515 2785 subsidia
1532 2738 1657 2782 accerse·

294 2810 345 2868 ret,
364 2810 393 2858 et
409 2803 574 2862 Plutarchus
593 2808 710 2878 denique
727 2810 820 2866 libello
839 2813 873 2867 de
890 2811 960 2868 facie
977 2813 1073 2869 Lunae
1089 2818 1153 2881 post
1170 2810 1285 2866 multum
1303 2823 1457 2864 sermonem
1475 2805 1504 2860 in
1523 2817 1658 2859 oceanum
1732 2802 1735 2811 '

291 2882 484 2940 Americanum
502 2888 671 2956 exspatiatur
690 2889 872 2958 describitque
890 2892 969 2948 nobis
987 2892 1069 2946 situm
1093 2889 1175 2945 talem
1193 2888 1358 2956 insularum,
1382 2901 1463 2955 quem
1483 2881 1660 2954 geographus

293 2959 391 3030 aliquis
415 2962 561 3020 modernus
585 2967 720 3021 Azoribus
744 2973 772 3020 et
796 2965 979 3023 Gronlandiae
1004 2975 1032 3024 et
1052 2975 1141 3024 terrae
1158 2965 1348 3034 Laboratoris,
1371 2963 1533 3033 regionibus
1558 2959 1662 3014 circum

292 3039 441 3094 islandiam
460 3041 533 3110 sitis,
552 3041 731 3112 probabiliter
749 3045 933 3115 applicaverit.
969 3045 1055 3114 Quem
1078 3044 1186 3116 quidem
1203 3043 1345 3099 Plutarchi
1365 3041 1465 3097 librum
1485 3038 1598 3110 quoties
1617 3050 1662 3090 rc-

293 3118 368 3187 lego,
392 3118 475 3174 toties
492 3119 615 3190 impense
633 3122 708 3178 soleo
731 3123 836 3192 mirari,
860 3138 914 3191 quo
938 3138 1003 3178 casu
1021 3123 1123 3178 iactum
1141 3123 1190 3191 sit,
1215 3127 1246 3176 ut
1264 3131 1360 3176 nostra
1383 3119 1464 3174 nobis
1484 3116 1595 3172 somnia
1614 3129 1664 3170 seu

294 3195 403 3252 fabulae
421 3203 477 3251 tam
494 3205 622 3253 accurate
640 3207 828 3267 congruerent.
863 3199 934 3254 Nam
953 3215 1004 3269 ego
1027 3197 1137 3269 quidem
1155 3205 1198 3255 sat
1223 3199 1277 3254 fida
1300 3199 1432 3254 memoria
1453 3203 1552 3267 repeto
1579 3209 1662 3250 oeca-

295 3277 385 3332 sionee
404 3275 573 3343 singularum
592 3279 736 3334 commenti
759 3280 812 3334 mei
833 3280 963 3348 partium,
987 3277 1060 3348 qnod
1082 3293 1131 3333 eae
1154 3278 1219 3332 mihi
1242 3292 1296 3332 uon
1321 3291 1415 3332 omnes
1439 3276 1496 3331 sint
1523 3280 1610 3330 name
1628 3288 1662 3326 ex

294 3356 411 3411 lectione
429 3355 512 3422 hujus
530 3355 601 3410 libri.
636 3357 738 3412 Exstat
755 3358 827 3427 apud
846 3373 888 3413 me
907 3359 1002 3414 charta
1019 3357 1155 3427 pervetus,
1173 3363 1221 3412 tua
1238 3357 1388 3412 clarissime
1406 3356 1442 3414 D.
1457 3353 1663 3423 christophore

295 3433 412 3489 Besoide
429 3449 511 3488 mauu
530 3443 653 3501 exarata3
679 3452 741 3490 cum
759 3436 851 3491 theses
869 3437 977 3491 circiter
993 3435 1088 3503 sigism
1105 3435 1139 3490 de
1158 3435 1323 3493 coelestibus
1342 3434 1513 3504 apparentiis
1531 3433 1562 3486 in
1581 3433 1665 3486 Luna

295 3530 331 3568 cx
348 3513 414 3566 meis
434 3511 670 3568 dissertationibus
689 3527 760 3567 anno
781 3514 847 3568 1593
866 3512 1038 3581 concepisses
1057 3528 1157 3581 easque
1174 3513 1209 3567 D.
1229 3513 1291 3568 Vito
1309 3513 1428 3580 Millero,
1447 3518 1516 3567 tunc
1535 3510 1665 3579 disputa·

295 3593 399 3645 tionum
416 3588 668 3658 philosophicarum
686 3589 821 3644 ordinario
840 3590 968 3660 praesidi,
987 3589 1177 3658 disputaturus
1195 3592 1229 3646 ds
1247 3591 1293 3654 iis,
1311 3589 1335 3644 si
1353 3590 1414 3658 ipse
1431 3591 1597 3656 annuisset,
1618 3603 1665 3644 ex·

296 3666 441 3723 hibuisses.
478 3667 538 3735 Quo
562 3669 672 3738 quidem
696 3675 819 3736 tempore
842 3667 983 3723 Plutarchi
1006 3683 1089 3736 opera
1111 3668 1177 3722 mihi
1201 3667 1320 3724 nondum
1346 3666 1406 3722 visa
1432 3673 1521 3722 erant.
1559 3665 1667 3722 Postea

295 3744 378 3800 incidi
395 3745 424 3799 in
440 3745 556 3801 Lucieni
573 3745 657 3800 libros
677 3745 745 3800 duos
762 3744 892 3800 historiae
909 3759 1004 3812 veras,
1027 3760 1123 3812 maere
1146 3743 1275 3814 scriptos,
1299 3759 1370 3815 quos
1388 3759 1439 3813 ego
1463 3743 1578 3800 libellos
1598 3741 1667 3798 mihi

297 3825 395 3893 delegi,
413 3831 445 3878 ut
462 3825 581 3894 linguam
599 3824 779 3891 addiscerem,
799 3821 910 3890 adjutus
924 3821 1098 3890 jucunditate
1116 3821 1310 3878 audacissimus
1328 3821 1451 3892 fabulae,
1477 3838 1552 3893 quae
1570 3829 1668 3877 munau

297 3901 399 3970 aliquid
419 3903 453 3957 de
471 3903 556 3958 totius
574 3902 694 3957 universi
712 3907 810 3954 natura
827 3899 965 3969 innuebat,
983 3899 1217 3969 mquidemipse
1229 3900 1368 3956 Lucienus
1386 3906 1480 3956 monet
1492 3901 1522 3956 in
1535 3901 1667 3958 exordio.

297 3984 388 4050 Atque
412 3980 494 4035 etiam
511 3981 557 4036 ille
581 3981 653 4036 ultra
672 3979 811 4035 columnas
828 3979 953 4034 Herculis
976 3979 1005 4034 iu
1024 3995 1152 4033 oceanum
1177 3978 1303 4046 enavigat
1325 3979 1489 4049 rapiturque
1514 3987 1668 4035 ventorum

296 4059 451 4116 turbinibus
470 4058 610 4129 cumipse
627 4062 688 4115 navi
707 4060 827 4115 sublimis
846 4066 874 4116 et
886 4062 982 4115 Lunae
999 4059 1143 4116 invehitur.
1167 4059 1244 4114 Ilaec
1261 4059 1326 4114 mihi
1345 4060 1434 4129 prima
1451 4059 1531 4116 fuere
1545 4060 1669 4126 vestigia

296 4139 400 4196 itineris
419 4138 447 4191 iu
465 4138 571 4192 Lunam
589 4140 786 4208 posterioribus
804 4137 973 4206 temporibus
992 4137 1119 4191 affectati.
1151 4136 1254 4192 Graetii
1272 4137 1388 4205 primum
1407 4153 1481 4193 anuo
1498 4141 1580 4196 1595.
1601 4138 1669 4192 Plu·

296 4217 386 4274 tarcbi
403 4213 526 4272 libellum
550 4231 609 4270 sum
631 4223 740 4286 nactus,
764 4216 919 4271 admonitus
944 4215 977 4269 de
995 4229 1028 4270 eo
1047 4230 1081 4268 ex
1102 4213 1216 4270 lectione
1235 4216 1428 4272 commentarii
1446 4215 1560 4272 Erasini
1578 4215 1669 4270 Reiu-

296 4296 373 4352 holdi
391 4297 419 4350 in
437 4293 568 4348 Theorias
581 4295 736 4360 Purbacbii‚
754 4309 843 4362 exque
861 4309 893 4348 eo
905 4293 1011 4363 Pragae
1030 4311 1101 4349 anno
1113 4296 1182 4351 1604
1199 4295 1285 4349 multa
1302 4295 1330 4350 iu
1344 4297 1539 4351 Astrouomiae
1551 4297 1670 4352 Partem

299 4375 425 4444 Opticam
444 4372 583 4427 transtuli.
619 4373 682 4427 bion
700 4373 763 4428 dedi
781 4380 871 4427 tamen
888 4372 942 4426 hoc
959 4373 1055 4428 insulis
1073 4389 1089 4428 a
1107 4374 1253 4429 Plutarcho
1277 4374 1424 4429 nominatis
1443 4391 1479 4430 ex
1498 4391 1609 4432 oceano
1631 4377 1671 4430 la·

296 4454 413 4518 leudico,
432 4451 504 4521 quod
521 4449 669 4504 islandiam
687 4449 722 4504 ad
739 4449 904 4518 hypothesin
921 4450 975 4504 mei
993 4451 1090 4506 somnii
1108 4451 1189 4522 elegi,
1215 4450 1264 4505 sed
1288 4459 1346 4506 erat
1365 4452 1436 4507 haec
1459 4453 1670 4523 intercanitur,

299 4534 372 4602 quod
390 4534 418 4587 id
436 4529 565 4600 temporis
584 4527 688 4595 Pragae
700 4525 804 4580 venalis
823 4532 896 4580 esset
914 4526 1020 4582 libellus
1032 4527 1145 4583 Luciaui
1159 4529 1194 4583 de
1207 4529 1382 4597 navigatione
1394 4528 1422 4584 in
1434 4531 1555 4600 Lunam,
1574 4539 1671 4588 muns-

298 4611 371 4666 latus
389 4611 417 4665 in
434 4610 554 4677 linguam
572 4607 737 4661 teutonicam
756 4620 772 4659 a
789 4603 963 4675 Rollenbogii
979 4607 1050 4674 tilio,
1070 4608 1174 4676 junctis
1193 4608 1394 4665 narrationibus
1425 4610 1452 4664 S.
1470 4611 1622 4668 Brandsui
1642 4617 1673 4667 et

300 4689 333 4743 de
351 4688 509 4759 purgatorio
527 4685 683 4742 Patriciano
701 4684 728 4736 in
747 4681 930 4738 subterraneis
948 4683 1075 4739 islandici
1093 4687 1191 4742 montis
1208 4684 1311 4742 Heclae
1329 4686 1471 4756 ignivomi,
1494 4705 1559 4744 cum
1580 4689 1672 4744 etiam

299 4767 465 4835 Plutarchus
483 4782 517 4823 ex
535 4765 671 4823 sententia
688 4761 842 4840 theolog'ae
860 4761 1000 4832 gentilium
1012 4765 1196 4839 purgatorium
1212 4763 1362 4828 ammarum
1380 4772 1519 4826 statueret
1531 4768 1561 4823 iu
1574 4767 1671 4839 Luna,
