3436 5416
291 315 354 387 156
539 334 543 352 ¹
643 327 815 389 Collectauea
833 345 866 387 ex
885 335 1278 394 codicibus'Pullrouieusibua

0 530 3 539 ·
41 471 64 581 J..
97 517 121 571 ,·
180 558 185 565 ,
270 467 426 576 *dividam
457 505 515 565 uou'
538 509 638 585 itaque
661 519 706 572 eat
728 531 888 576 numerus.¹
921 514 1007 591 Quod
1030 525 1127 580 autem
1151 518 1189 579 ad
1211 535 1301 596 supra
1323 519 1412 579 citato
1433 517 1503 580 loca
1526 520 1635 594 attinet,

288 588 373 652 laelle
404 592 588 671 intelligitur,
621 616 685 661 cum
708 625 741 665 το
765 603 869 681 incipe
891 606 1065 667 attribuatur
1087 609 1229 680 numeris,
1260 623 1294 666 eu
1317 608 1381 683 ipso
1406 609 1529 668 attribui
1549 611 1635 667 etiam

220 730 222 735 .
286 679 430 755 principio
453 699 648 761 numerorum,
672 690 752 766 qnod
775 701 819 752 eet
842 695 948 766 unitas,
970 711 1025 754 noc
1047 694 1114 754 ideo
1136 697 1231 770 sequi,
1255 703 1288 753 ut
1309 696 1406 754 unitas
1427 697 1467 754 sit
1489 713 1635 755 numerus.

10 811 37 848 4.
72 779 79 841 χ
167 837 170 846 ⁸
274 765 351 835 ¹Non
376 773 515 844 competit
537 775 612 833 enim
635 799 668 838 ro
685 777 791 856 ἑφεξης
814 784 920 840 unitati
942 799 1049 857 perse,
1071 782 1123 842 red
1146 790 1291 858 qnatenus
1314 799 1378 842 oum
1400 800 1522 842 numero
1539 782 1636 859 aliquo

287 863 481 930 comparatur.
520 859 553 919 lu
576 864 668 924 altero
691 866 755 926 loco
780 871 843 947 ipse
859 868 1051 946 philosophus
1072 886 1130 929 non
1153 869 1288 928 absolute
1313 869 1391 943 dicit,
1414 867 1559 930 unitatem
1576 888 1636 929 essa
1693 877 1695 959 J

286 943 436 1002 minimum
459 957 624 1025 numerum,
655 955 707 1015 sed
729 955 893 1016 dubitative
915 973 968 1032 pro
990 959 1136 1034 praesenti
1159 958 1294 1029 materia,
1318 966 1369 1015 aut
1391 975 1480 1016 uuum
1504 966 1558 1017 aut
1583 959 1637 1017 duo
1689 1003 1690 1007 ,

287 1045 351 1089 esse
374 1033 524 1093 minimum
547 1056 706 1104 numerum.
753 1042 856 1106 Unitas
878 1047 978 1121 itaque
1001 1054 1045 1105 est
1067 1047 1216 1104 minimum
1239 1046 1267 1100 in
1291 1047 1426 1118 numeris,
1455 1055 1487 1104 at
1510 1062 1573 1105 non
1596 1056 1638 1105 cet

285 1117 422 1177 minimus
446 1139 639 1187 numerorum.
670 1131 722 1191 Est
745 1135 822 1192 enirn
844 1134 1018 1209 principium
1041 1149 1224 1193 numerorum
1247 1130 1301 1206 (X.
1326 1131 1396 1190 Met.
1423 1132 1474 1209 1.),
1498 1149 1559 1191 uon
1583 1149 1637 1191 un·
1695 1192 1696 1195 ,

253 1224 255 1235 ⁴
285 1222 383 1265 metue
413 1209 486 1284 ipse.
533 1211 644 1287 Quodsi
675 1221 821 1281 subtiliter
852 1223 950 1279 omnia
979 1219 1102 1281 velimus
1135 1221 1269 1295 exsequi,
1305 1222 1402 1278 unitas
1434 1220 1638 1287 tautummodo
1695 1295 1696 1300 η

285 1301 403 1370 propter
426 1299 606 1374 assignatam
622 1311 733 1369 numeri
750 1309 947 1368 definitionem
970 1307 1291 1369 excludituranumeri
1314 1306 1523 1383 appellatione.
1555 1308 1637 1366 Alias
1694 1336 1696 1339 v

285 1381 425 1458 pleraque
450 1387 476 1445 ei
501 1399 669 1466 competunt
691 1397 870 1469 accidentia,
894 1413 971 1473 quae
995 1395 1031 1456 de
1055 1398 1157 1456 ceteris
1180 1396 1307 1454 numeris
1331 1395 1490 1455 efferuntur
1513 1396 1637 1471 quibus·

286 1487 350 1529 cum
367 1482 560 1548 comparatur,
584 1477 639 1540 bac
655 1485 856 1545 tantummodo
877 1491 994 1544 servata
1008 1484 1211 1561 proportione,
1236 1481 1314 1558 quod
1330 1485 1440 1558 primus
1457 1493 1501 1543 est
1519 1487 1548 1541 in
1565 1501 1639 1541 una·
1694 1563 1695 1567 Ἰ

286 1574 404 1634 quaque
426 1563 510 1621 serie.
548 1564 600 1625 Est
616 1570 703 1641 igitur
718 1588 793 1631 unus
807 1591 842 1632 ex
858 1571 1025 1648 imparibus,
1048 1573 1157 1648 primis,
1181 1571 1338 1645 trigonicis,
1361 1570 1523 1646 quadratis,
1548 1572 1639 1630 bera·

186 1668 190 1678 ·
285 1645 406 1719 goniclr,
430 1650 549 1723 cubicis,
573 1657 717 1732 perlectis,
741 1668 830 1735 auget
852 1663 915 1736 ipee
938 1658 1011 1718 alios
1028 1667 1056 1718 et
1071 1661 1180 1735 patitur
1194 1656 1383 1715 additionem.
1422 1656 1538 1732 Quodsi
1553 1661 1638 1717 nobie

285 1730 357 1791 baec
380 1751 439 1794 una
461 1739 638 1801 concedatur
660 1742 844 1826 daapoiopn,
866 1746 1060 1818 utdicamus,
1085 1746 1225 1804 unitatem
1250 1747 1381 1802 essesut
1404 1746 1499 1821 ipsius
1521 1755 1637 1821 partem

285 1826 314 1877 ct
336 1820 364 1876 in
388 1839 419 1881 ee
443 1824 536 1900 ipsam
559 1827 718 1907 dividuam,
739 1835 802 1911 jam
825 1839 853 1894 in
874 1835 979 1894 beterio
995 1836 1129 1893 omnibus
1146 1832 1227 1890 illum
1243 1834 1318 1890 inter
1331 1848 1467 1891 numeros
1482 1833 1638 1891 commode

285 1904 436 1968 admittere
458 1917 633 1991 poterimus,
658 1923 700 1981 ita
722 1931 754 1982 ut
776 1939 834 1982 non
857 1925 894 1982 eit
917 1939 1005 1998 opus,
1029 1923 1150 1982 seorsim
1174 1921 1331 1994 quiequam
1354 1917 1390 1977 de
1413 1937 1447 1978 ea
1471 1918 1587 1990 dicere,
1614 1919 1641 1977 id

284 1992 363 2071 quod
393 2000 484 2072 probe
513 2004 674 2066 notandum
698 2017 751 2070 est.
796 2011 862 2070 Non
886 2011 961 2071 euim
984 2017 1017 2067 ut
1045 2009 1138 2068 lorma
1160 2015 1190 2067 at
1218 2009 1340 2065 materia
1370 2014 1438 2065 sunt
1460 2009 1640 2082 principium
1697 2026 1698 2031 ¹

283 2082 480 2159 substantiae,
511 2092 554 2150 sic
576 2097 673 2154 unitas
695 2105 740 2157 eet
762 2101 936 2176 principium
958 2099 1079 2158 numeri.
1124 2097 1230 2155 Forma
1259 2097 1335 2154 enirn
1359 2097 1536 2154 cimeteria
1560 2094 1641 2152 nulla

266 2169 386 2241 ,eadem
411 2189 475 2232 oum
498 2181 560 2238 auis
583 2187 753 2259 compositis
768 2189 930 2263 suscipiunt
945 2182 1116 2257 accidentia,
1139 2193 1171 2242 at
1187 2183 1282 2241 unitae
1305 2183 1368 2241 sine
1391 2198 1501 2255 magno
1526 2184 1642 2241 incom-
1700 2215 1701 2231 ι

284 2256 388 2329 modo,
413 2270 445 2319 ut
468 2262 592 2336 dictum,
616 2271 694 2329 inter
716 2289 852 2333 numeros
876 2273 1029 2344 toleratur,
1053 2274 1111 2331 iuro
1134 2271 1297 2330 necessario
1320 2267 1359 2327 ad
1380 2284 1570 2329 numerorum
1596 2269 1643 2326 di·

283 2347 405 2405 stinctae
428 2352 517 2410 series
540 2359 705 2430 apponitur.
751 2360 861 2420 Eodem
885 2360 972 2420 modo
997 2361 1096 2434 quaeri
1118 2365 1230 2435 potest,
1255 2374 1293 2415 au
1314 2363 1453 2431 punctum
1477 2359 1517 2416 sit
1541 2374 1641 2432 quau·
1699 2434 1700 2438 Ἰ

284 2431 353 2489 titas
376 2437 538 2496 continuat
574 2441 792 2520 Respondetur,
822 2451 897 2508 sicut
923 2450 1020 2505 unitas
1051 2464 1108 2505 non
1132 2457 1177 2504 eet
1197 2460 1347 2515 numerus,
1377 2442 1431 2500 sed
1461 2446 1644 2521 principium
1699 2498 1718 2512 ,

283 2522 410 2590 numeri,
442 2525 484 2582 sic
506 2535 644 2600 punctum
667 2550 725 2593 non
749 2542 792 2594 est
816 2536 998 2604 continuum,
1030 2534 1081 2593 sed
1110 2534 1284 2608 principium
1308 2529 1456 2607 quoddam
1480 2533 1645 2590 contiuuo·

284 2621 356 2664 rum.
401 2608 458 2668 Sed
482 2611 538 2672 hoe
560 2618 636 2677 ineat
658 2619 844 2681 discriminis:
872 2624 970 2682 unitas
1002 2637 1059 2679 uon
1090 2629 1133 2681 est
1161 2624 1271 2678 numeri
1300 2620 1453 2689 terminus,
1486 2618 1541 2676 sed
1574 2637 1645 2694 para
1689 2641 1692 2646 ⁸

283 2694 411 2765 minima,
436 2714 472 2757 ex
495 2703 602 2775 quibus
624 2711 736 2767 numeri
760 2717 903 2781 constant,
926 2718 957 2770 at
978 2716 1118 2787 punctum
1141 2716 1242 2766 contra
1265 2700 1323 2763 non
1346 2714 1393 2765 eet
1413 2722 1482 2781 pars
1497 2709 1644 2779 continui,

283 2797 319 2839 ex
343 2783 450 2857 quibus
474 2798 598 2866 constat,
622 2794 674 2854 ecd
697 2800 835 2855 terminus
859 2797 1000 2875 ejusdem.

387 2869 495 2946 Porro,
527 2893 578 2936 cur
606 2889 674 2956 port
702 2900 854 2944 numerum
885 2885 999 2944 demum
1033 2879 1068 2940 da
1092 2881 1204 2941 unitate
1233 2887 1263 2940 ει
1285 2883 1328 2940 εἰε
1357 2883 1445 2940 etiam
1468 2879 1507 2941 de
1530 2888 1645 2957 puncto
1699 2907 1700 2914 ε

282 2961 402 3029 agatur,
432 2964 575 3024 rationem
603 2968 696 3028 reddit
727 2972 919 3048 philosophus
942 2972 984 3034 X.
1008 2967 1079 3027 Met.
1104 2974 1139 3028 3:
1170 2971 1327 3045 opponitur
1357 2984 1447 3026 uuum
1475 2976 1506 3027 ct
1537 2967 1646 3027 multi·

281 3041 367 3113 tudo,
398 3046 432 3105 ut
454 3046 606 3113 dividuum
629 3066 658 3115 et
680 3057 873 3119 individuum.
918 3055 1077 3118 Multitudo
1104 3073 1229 3131 namque
1253 3067 1305 3114 aut
1333 3054 1495 3114 divisorum
1518 3064 1645 3115 estant
1705 3121 1706 3125 Ἰ

283 3125 478 3195 dividuorum.
525 3139 712 3204 individuum
744 3164 813 3206 vero
841 3155 893 3206 aut
922 3146 1050 3205 nondum
1082 3142 1209 3201 divisum
1242 3158 1332 3202 unum
1354 3151 1407 3201 est
1455 3142 1646 3201 Describitur

281 3231 351 3274 vero
373 3236 463 3280 unum
488 3234 515 3284 et
538 3231 738 3291 manifestatur
760 3251 848 3292 unum
872 3236 1031 3304 corbario,
1063 3246 1166 3306 nempe
1189 3229 1373 3288 individuum
1396 3227 1537 3303 dividuo,
1571 3233 1647 3306 quia
1710 3282 1712 3288 s

281 3307 379 3361 eerreui
401 3312 521 3387 propior
542 3324 586 3375 est
608 3318 780 3391 multitudo,
803 3328 832 3381 et
854 3320 901 3392 id,
926 3320 1004 3397 quod
1028 3327 1071 3379 eat
1095 3316 1257 3388 dividuum,
1281 3315 1445 3375 individuo.
1478 3317 1589 3395 ltaque
1613 3321 1645 3375 in

282 3387 450 3455 definitione
472 3402 550 3475 prior
571 3412 616 3464 est
637 3407 803 3481 multitudo,
826 3411 970 3484 posterior
992 3409 1089 3466 unitas
1108 3412 1230 3481 'propter
1251 3419 1379 3463 aeneum.

869 3587 983 3676 Caput
1011 3585 1045 3658 9.

713 3719 765 3777 De
787 3721 949 3790 subjecto
969 3724 1211 3780 Humerorum

384 3824 488 3888 Altera
511 3835 646 3906 quaestio
670 3836 706 3896 do
728 3856 915 3900 numerorum
939 3841 1073 3917 subjecto
1097 3842 1204 3901 existit
1250 3839 1375 3900 Videtur
1398 3841 1476 3901 enim
1497 3856 1647 3899 numero·
1706 3852 1710 3889 1

285 3926 347 3968 rum
370 3917 500 3974 essentia
522 3935 581 3978 non
604 3923 634 3978 in
657 3926 744 3984 rebus
767 3929 839 4003 ipsis
852 3931 957 4002 inesse,
981 3929 1033 3989 sed
1049 3931 1079 3987 in
1095 3937 1192 3988 mente
1206 3929 1398 4005 numerantis,
1420 3944 1462 3986 sc.
1479 3928 1646 3986 iuratione
1709 3926 1713 3929 ”

281 3995 418 4071 humana,
437 4009 467 4062 et
488 4004 561 4063 nibil
584 4008 665 4068 aliud
687 4030 762 4085 cese,
786 4033 874 4090 qnam
896 4034 948 4074 erra
968 4016 1122 4077 rationale.
1159 4016 1196 4075 Et
1217 4015 1391 4074 Aristoteles
1414 4015 1483 4089 (IV.
1501 4014 1559 4077 Pb.
1578 4019 1647 4088 14.)
1707 4059 1712 4085 ff

281 4086 435 4147 mnuiieste
463 4089 550 4150 dicit:
581 4098 679 4155 anima
706 4105 899 4162 numeratrice
927 4103 1061 4174 sublata,
1092 4119 1229 4162 numeros
1258 4119 1378 4179 quoque
1406 4102 1559 4161 sublatum
1589 4104 1647 4175 iri;
1709 4143 1718 4152 ι

282 4173 529 4247 quemadmodum
544 4183 633 4239 etiam
647 4182 733 4243 XlV.
749 4186 820 4246 Met
838 4195 866 4248 3.
891 4189 1023 4260 affirmet,
1047 4195 1183 4266 quamvis
1197 4191 1316 4249 sublato
1331 4207 1463 4262 numero,
1487 4208 1649 4250 mansuras

280 4266 378 4319 tamen
409 4265 625 4340 magnitudines
657 4279 685 4328 et
714 4273 846 4347 sensilia,
880 4286 978 4351 qnare
998 4282 1109 4336 numeri
1139 4281 1169 4334 in
1197 4287 1295 4337 mente
1325 4276 1513 4336 solummodo
1543 4288 1644 4337 eruut

284 4346 324 4405 At
346 4358 449 4407 contra
471 4369 560 4428 supra
583 4357 621 4428 (a.
649 4357 690 4415 zi
715 4362 836 4435 professi
859 4381 975 4435 eumue,
1000 4364 1080 4422 nolle
1102 4382 1156 4422 nos
1178 4381 1316 4439 reparare
1339 4370 1521 4440 quantitates
1543 4368 1646 4424 etsie
1715 4423 1716 4426 ,

282 4450 379 4510 neque
402 4454 538 4497 numeros
561 4458 580 4498 a
602 4444 774 4516 sensilibus,
805 4449 1049 4524 quemadmodum
1078 4453 1166 4509 etiam
1194 4468 1259 4527 cap.
1285 4458 1314 4510 6.
1345 4450 1466 4510 modum
1495 4452 1645 4522 dedimus,
1708 4467 1714 4473 ·

281 4538 340 4596 qno
363 4523 508 4585 inlinitum
537 4532 670 4603 potentia
691 4537 819 4593 numeris
843 4540 926 4609 insit,
957 4554 1014 4595 non
1045 4555 1135 4597 causa
1156 4538 1364 4598 intellectionis
1386 4547 1418 4598 et
1439 4541 1644 4615 cogitationis,

280 4607 333 4667 scd
355 4627 445 4672 causa
467 4621 720 4692 earumipsarum
766 4622 812 4680 Ad
834 4623 910 4682 banc
933 4625 1127 4698 objectionem
1155 4625 1363 4701 respondetur,
1394 4627 1543 4703 duplicem
1576 4645 1644 4686 esee

281 4707 445 4771 respectum
467 4705 580 4763 numeri
602 4706 763 4767 secuudum
787 4708 902 4768 direrea
924 4709 1100 4771 delinitionis
1122 4714 1187 4789 ejus
1203 4714 1361 4773 vocabula.
1392 4714 1540 4774 Definitur
1562 4719 1646 4774 enim

286 4782 462 4852 ,multitudo
479 4793 655 4869 unitatum⁸,
680 4797 789 4871 itaque,
813 4805 957 4873 qnatenus
972 4803 1084 4859 numeri
1100 4802 1314 4863 uariantur
1329 4812 1476 4878 cumiani,
1500 4802 1645 4865 eomodo
