3436 5416
987 264 1112 321 Carmina

579 447 656 517 Nam
679 444 748 522 quid
771 461 847 504 nunc
869 461 1029 505 memorare
1050 445 1137 520 jurat
1158 449 1335 520 patruosque
1356 441 1546 520 patremque?

671 534 709 592 Et
730 534 821 610 patris
843 550 995 609 proavum,
1020 551 1085 591 curn
1108 533 1255 609 genitricis
1278 532 1359 591 aro?

581 621 681 699 thue
703 621 761 679 illis
784 619 886 680 eudem
910 624 1001 680 virtus
1024 628 1053 678 et
1077 637 1145 680 cura
1165 619 1290 695 jurandi

670 707 799 769 Consilio
822 708 948 785 populos
971 710 1151 784 servitioque
1175 706 1284 766 duces?

581 798 724 875 Quaeque
746 798 838 874 patris
859 797 980 873 pietas?
1003 805 1033 856 et
1055 813 1131 872 quae
1153 797 1317 855 reverentia
1340 794 1465 855 dirum?

669 884 726 962 Qui
750 886 836 944 luerit
858 902 948 962 purae
970 882 1131 957 relligionis
1155 883 1259 942 umor?

558 973 660 1049 ‘Quot
682 975 788 1033 luerint
810 971 918 1032 dotes?
941 979 1013 1048 quot
1035 971 1139 1031 doctae
1162 970 1293 1029 Palladis
1315 971 1416 1031 artes?

668 1061 793 1121 Consilii
816 1078 966 1136 nunqnam
987 1057 1115 1136 pondere
1138 1075 1222 1117 cassa
1245 1058 1338 1119 fides?

581 1150 918 1225 wirtembergiacaaquo
941 1155 974 1206 ut
996 1147 1178 1206 consiliarius
1201 1145 1287 1207 aulae

669 1235 810 1295 Prudenti
833 1243 958 1295 mentem
981 1236 1088 1295 rexerit
1111 1252 1159 1294 ore
1184 1233 1287 1293 ducis?

580 1325 656 1386 Nam
679 1326 704 1382 si
728 1331 833 1382 cuncta
856 1323 944 1382 celim
967 1323 1105 1383 brevibus
1128 1330 1277 1399 pertexere
1299 1319 1373 1380 iilis:

670 1411 838 1470 'fractorem
861 1410 944 1482 telas,
967 1409 1144 1486 Penelopea,
1169 1418 1245 1470 tuas.

583 1487 622 1559 Et
642 1502 722 1577 prius
747 1498 907 1557 aetherium
930 1497 1052 1557 Phoebe
1075 1498 1261 1573 circumvaga
1285 1512 1398 1556 cursum

669 1585 831 1662 Complcnt,
855 1593 973 1645 auratas
996 1586 1165 1661 depositura
1187 1601 1295 1659 comas,

583 1673 678 1752 Quam
701 1674 772 1733 milri
797 1676 954 1750 contingat,
978 1682 1108 1732 veterum
1132 1689 1290 1732 memorare
1312 1676 1463 1749 parentum

669 1760 854 1836 Nominaque
878 1770 907 1820 et
929 1761 1028 1820 titulos
1053 1767 1082 1820 et
1104 1763 1237 1819 meritum
1261 1776 1346 1819 omne
1369 1757 1466 1818 decus.

582 1849 624 1909 At
647 1858 684 1921 te,
709 1848 844 1926 gliscenti
864 1849 925 1924 jam
949 1847 1015 1908 dnm
1039 1851 1146 1907 virtute
1169 1851 1317 1922 nitentem,

671 1937 811 2012 Eaaequo
833 1938 952 2013 proavis
974 1938 1162 2012 anteieroque
1184 1939 1251 1995 tuis.

583 2025 649 2086 Nou
672 2028 779 2087 etenim
804 2025 905 2098 virtus,
929 2041 1009 2099 qrraav
1028 2022 1137 2098 delitet,
1163 2024 1282 2083 occidit:
1307 2023 1377 2083 olim

668 2112 823 2172 Materiam
846 2110 943 2171 laudis
967 2128 1105 2187 qrraerere
1127 2112 1205 2171 lacta
1227 2112 1311 2186 solet,

584 2198 663 2276 Quin
685 2200 775 2260 habet
797 2208 865 2258 ante
888 2200 953 2258 sibi.
998 2199 1081 2277 Licet
1104 2215 1236 2259 exercere
1259 2198 1379 2259 latentia

670 2287 794 2348 Munera
812 2285 925 2364 judicii,
949 2288 1042 2363 prima
1062 2287 1194 2363 juventa,
1217 2289 1271 2349 tui.

584 2375 661 2452 Ergo
685 2394 750 2451 age,
772 2375 915 2450 majorum
938 2374 1055 2448 nitidos,
1079 2372 1228 2447 Huldrica,
1252 2382 1377 2446 tuorum,

671 2462 793 2538 Sponsa,
816 2479 905 2537 super
927 2460 1028 2521 titulos
1052 2463 1146 2537 incipe
1169 2463 1242 2520 serre
1265 2469 1355 2538 caput

585 2549 766 2626 illorumque
790 2549 879 2609 decus
901 2549 1005 2609 studiis
1028 2547 1169 2626 praecede
1191 2552 1327 2625 peractis,

671 2637 783 2698 Notitia
804 2640 834 2695 iu
856 2653 938 2696 sacro
962 2655 1049 2713 quam
1072 2639 1125 2696 tibi
1144 2637 1211 2712 J'ura
1234 2654 1338 2713 paras;

495 2758 499 2779 i
585 2723 681 2801 Quam
705 2726 757 2784 tibi
779 2742 846 2784 uam
870 2725 996 2784 relerunt
1018 2727 1150 2801 spatiosa
1173 2724 1324 2783 volumina
1346 2722 1451 2799 legem,

672 2810 754 2888 Quae
776 2829 835 2872 non
858 2815 897 2870 sit
918 2811 1029 2889 pridem
1053 2813 1138 2872 corde
1161 2818 1279 2887 reposta
1301 2809 1375 2870 tuo?

583 2899 627 2960 'l'e
650 2900 724 2959 duco
747 2917 822 2976 quae
845 2908 967 2974 surgunt
988 2900 1087 2958 studia
1110 2903 1139 2958 in
1163 2900 1304 2960 conuaria
1324 2899 1402 2975 jura,

670 2985 808 3046 Unanimi
831 2990 937 3045 co'e'unt
959 2987 1114 3047 conciliata
1136 2989 1196 3049 via.

584 3074 631 3133 Tu
653 3075 774 3133 nimium
797 3073 897 3133 faciles
921 3073 958 3133 ad
980 3077 1068 3134 noxia
1092 3076 1212 3133 crimina
1234 3075 1316 3153 leges

671 3163 807 3235 Exacuis,
830 3160 972 3237 vultuque
995 3164 1142 3238 asperiore
1164 3162 1246 3221 sacis.

586 3249 668 3310 Idem
693 3251 742 3308 ubi
764 3267 824 3307 non
846 3250 965 3307 meritos
987 3247 1066 3309 Jove
1089 3256 1159 3308 nata
1182 3251 1327 3326 objurgat,
1352 3244 1456 3308 eodem

671 3338 708 3395 Et
731 3337 827 3397 scelus
851 3343 879 3395 et
903 3336 1018 3412 culpam
1041 3336 1156 3395 vindice
1176 3336 1242 3411 jure
1263 3344 1382 3414 petens:

585 3424 735 3486 Succurris
758 3427 870 3484 miseris
894 3431 923 3483 et
945 3441 1067 3499 magnas
1090 3425 1208 3499 corrigis
1232 3427 1299 3499 iras,

671 3511 703 3572 Si
723 3513 838 3588 jubeas,
862 3513 959 3587 posito
979 3511 1047 3586 jura
1069 3513 1164 3586 rigore
1187 3511 1283 3571 silent.

585 3602 647 3662 Nec
669 3607 720 3658 tua
743 3608 771 3660 te
793 3602 888 3675 pietas
910 3616 1011 3656 aarum
1034 3606 1203 3675 praetexere
1226 3616 1331 3672 noxae,

672 3687 733 3747 Nec
757 3689 827 3745 sinit
850 3689 978 3745 insontes
1001 3702 1096 3762 poena
1120 3703 1238 3746 onerare
1262 3689 1351 3746 viros.

587 3776 695 3845 mone,
719 3774 820 3850 procui
842 3773 965 3850 prohibe
988 3773 1083 3832 salsae
1107 3773 1226 3833 dicteria
1248 3774 1377 3850 linguae,

674 3860 733 3936 Qui
755 3863 864 3938 pariter
885 3862 1243 3936 meritos-immeritosque
1266 3869 1362 3921 notas.

587 3949 652 4010 Non
677 3948 718 4006 illi
741 3956 867 4008 mentem
890 3950 1039 4006 incantant
1062 3948 1219 4024 odiumque
1241 3949 1397 4029 favorque,
1450 4018 1456 4027 Ι

673 4035 740 4095 Non
762 4037 810 4095 hic
832 4038 891 4094 vim
911 4035 986 4111 juris
1009 4052 1098 4095 aurea
1121 4037 1218 4095 vincla
1241 4036 1378 4113 domant,

587 4122 654 4182 Non
676 4120 758 4182 illum
780 4123 853 4182 haec
876 4121 976 4181 docuit
998 4121 1124 4183 defuncti
1148 4141 1217 4182 cura
1239 4128 1378 4201 parentis,

678 4209 744 4270 Non
767 4210 850 4269 vidui
874 4217 972 4269 custos
995 4218 1087 4269 mater
1109 4219 1207 4270 amata
1229 4215 1294 4278 tori.

592 4295 675 4373 Quae
698 4307 805 4357 matres
829 4305 941 4356 tautum
963 4296 1091 4373 reliquus
1114 4301 1310 4375 supereminet
1331 4317 1400 4375 nna,

677 4382 826 4458 Quantum
849 4387 923 4444 inter
945 4402 1042 4443 sacras
1063 4388 1145 4461 regia
1166 4385 1247 4445 Juno
1272 4386 1352 4461 deas,

589 4470 626 4530 Et
650 4480 791 4547 quantum
814 4472 942 4549 reliquos
965 4480 1083 4547 superat
1107 4473 1209 4532 domus
1233 4472 1285 4534 illa
1308 4482 1441 4552 penates,

677 4557 759 4633 Quos
781 4567 879 4620 custos
901 4559 1000 4619 'lubia
1024 4561 1114 4618 ceruit
1136 4561 1174 4620 ab
1199 4578 1264 4621 arce
1288 4562 1372 4639 vigil.

591 4642 648 4721 Qui
672 4646 753 4706 ridet
775 4648 860 4721 hanc,
884 4646 975 4706 oculis
999 4664 1137 4722 praesens
1161 4666 1251 4723 opera
1274 4653 1373 4712 omnia
1395 4650 1535 4725 lustrans,

676 4732 795 4795 Juraret
817 4749 900 4795 sacro
922 4750 1029 4794 numen
1052 4737 1147 4794 inesse
1169 4735 1245 4801 loco.
