3436 5416
1589 9 1708 210 Ἰ

318 387 383 462 160
445 483 448 490 1
672 393 844 452 collectanea
861 410 896 452 ex
914 395 1052 452 codicibus
1071 395 1309 454 Pullroriensibus.

312 571 410 642 ¹sicem
426 574 612 650 quantitates.
651 572 824 651 Respondet
839 575 1012 636 Aristoteles
1036 578 1064 635 iu
1080 575 1244 654 Cetegoriis
1265 579 1388 654 primunr
1411 575 1449 637 ad
1471 577 1602 653 priorem
1616 574 1666 634 ob·

317 659 480 733 lectionem,
504 678 611 722 vocum
626 661 740 722 illerum
756 661 866 724 nullom
882 680 947 724 esse
963 663 1098 726 absolute
1120 666 1149 724 in
1165 665 1399 741 praedicamento
1415 667 1602 741 quantitatis,
1620 661 1666 722 sed

316 748 344 804 ιιι
360 746 509 822 relatione,
533 751 693 810 conneriss
716 753 803 827 igitur
826 769 890 814 esse
914 768 972 810 non
995 760 1028 811 ιιι
1050 755 1237 828 quantitates,
1259 752 1312 812 sed
1334 761 1366 814 ιιι
1387 753 1490 814 relate.
1539 751 1622 811 Nihil
1640 768 1665 808 n.

317 839 541 913 perseipsum
571 837 676 899 dicitur
699 855 850 914 magnum,
881 840 933 900 sed
956 838 1113 900 collatione
1136 839 1174 900 ad
1197 839 1286 900 aliud.
1332 838 1416 900 Unde
1439 857 1475 900 ne
1499 839 1620 914 quidem
1640 841 1667 896 io

316 923 458 983 relatione
487 924 622 985 obsolute
650 925 706 984 sibi
722 933 831 992 mutuo
862 936 931 988 sunt
955 928 1108 988 contrario.
1154 927 1309 1006 Reciperet
1339 930 1414 987 enim
1444 945 1536 986 ιιιιιιιιι
1561 924 1667 1002 aliquid

318 1009 376 1068 duo
400 1015 543 1072 contraria
566 1014 595 1070 in
619 1029 658 1086 ee,
683 1031 749 1074 cum
772 1013 849 1074 idem
868 1016 931 1090 jam
954 1016 1092 1092 petrum,
1113 1014 1175 1090 jam
1199 1032 1336 1092 magnum
1360 1015 1489 1088 dicatur,
1513 1014 1666 1074 collatione

317 1099 395 1160 locta
418 1116 483 1160 curn
506 1099 637 1160 dirersis.
682 1101 746 1162 lrno
769 1101 823 1179 (X.
847 1102 919 1164 Met.
944 1101 986 1183 ιι.)
1007 1103 1065 1182 sit,
1096 1119 1155 1162 uon
1177 1121 1314 1182 magnum
1337 1121 1446 1180 parvo,
1469 1101 1521 1162 sed
1549 1100 1666 1178 aequale

317 1189 432 1264 utrique
455 1205 518 1248 esse
541 1189 724 1262 contrarium,
750 1200 782 1248 ut
805 1192 952 1266 privativa
974 1193 1102 1268 negatio,
1125 1208 1193 1251 ιιιιιι
1209 1193 1427 1264 contrariorum,
1450 1209 1529 1267 quae
1545 1189 1666 1250 medium

317 1273 430 1351 aliquid
451 1274 570 1348 babent,
594 1285 748 1352 utrumque
762 1280 862 1353 negari
878 1295 982 1357 posse;
1005 1281 1080 1340 inter
1094 1295 1233 1356 magnum
1249 1289 1278 1340 et
1290 1297 1415 1358 parrum
1430 1289 1530 1339 antem
1548 1277 1666 1354 aequale
1707 1347 1708 1358 χ

318 1362 445 1422 medium
469 1371 522 1422 cst.

423 1447 468 1508 Ad
492 1450 613 1510 alteram
637 1450 832 1526 obiectionem
855 1453 959 1513 similis
974 1461 1019 1512 est
1040 1457 1191 1532 responsio
1208 1453 1264 1530 (X.
1282 1453 1354 1515 Met.
1372 1453 1425 1528 6.).
1457 1452 1559 1515 Unum
1575 1453 1665 1512 multi·

317 1536 411 1596 tudini
435 1541 609 1598 contrarium
633 1553 689 1595 ιιοιι
714 1546 745 1596 ιιι
768 1542 864 1599 unitas
887 1547 916 1600 et
937 1543 1050 1602 numeri
1072 1542 1158 1602 simul
1180 1551 1249 1603 sunt
1270 1543 1298 1600 in
1322 1542 1564 1618 praedicamento
1579 1559 1665 1618 quan·

318 1627 427 1698 litatis,
456 1625 508 1684 sed
538 1635 682 1700 quatenus
711 1635 780 1684 sunt
809 1629 933 1689 invicem
961 1629 1067 1703 reluta,
1098 1647 1189 1690 censa
1215 1633 1371 1708 praecipue
1401 1633 1554 1692 materiae.
1599 1629 1665 1689 Nan

322 1713 351 1788 1)
374 1721 559 1789 opponuntur
580 1721 698 1789 propter
718 1714 879 1789 particulas
901 1716 1063 1819 divisibile,
1087 1717 1280 1792 indivisibile,
1304 1735 1381 1795 quae
1402 1719 1567 1794 respiciunt
1589 1735 1667 1795 prae·

319 1803 404 1876 cipue
434 1801 602 1876 ιιιιιιιιιιιιιι
633 1803 915 1878 ι’)οριιοιιιιιιιιιι
908 1822 937 1863 ιιι
967 1805 1204 1881 praedicamento
1236 1806 1399 1878 relationis,
1431 1815 1463 1864 ιιι
1492 1808 1708 1865 scientisst

318 1888 430 1963 scibile,
454 1891 479 1949 si
501 1888 604 1958 scibile
625 1889 666 1948 sit
687 1895 720 1946 ut
741 1905 886 1964 uumerus,
911 1909 999 1953 unum
1023 1910 1092 1954 sero
1115 1901 1148 1954 ut
1168 1910 1304 1954 mensuro
1327 1887 1383 1975 (X.
1407 1892 1478 1954 Met.
1504 1893 1561 1971 6..)

890 2072 1004 2163 Cnput
1036 2069 1091 2156 12.

737 2212 788 2269 De
810 2211 968 2270 scientiis
989 2209 1249 2268 mathematicis.

421 2329 474 2396 tv
496 2330 568 2391 Met.
594 2337 623 2392 ι.
648 2331 819 2391 Αιιιιοιιιιι
842 2331 974 2405 affirmet,
998 2331 1220 2391 mutbemctiecn
1244 2331 1352 2390 hebere
1375 2337 1473 2406 partes
1496 2349 1622 2407 esseque
1640 2329 1666 2386 in
1706 2321 1708 2386 l

319 2437 355 2481 ee
377 2421 487 2496 priores
511 2418 666 2495 quasdam,
697 2417 771 2478 alias
793 2421 969 2496 posteriores
992 2419 1038 2478 vel
1061 2428 1282 2495 consequentes.
1328 2417 1363 2476 Id
1388 2418 1538 2494 quomodo
1564 2417 1665 2478 iutelli-
1706 2439 1708 2488 l

318 2509 453 2583 gendum,
477 2521 511 2566 ex
534 2509 712 2566 resumtione
738 2525 800 2582 cap.
827 2514 855 2567 4.
880 2506 1003 2581 intelligi
1025 2514 1131 2582 potest.
1178 2507 1292 2565 Etenim
1316 2507 1494 2580 audirimus,
1519 2509 1708 2598 quantita·
1706 2491 1708 2550 l

317 2603 380 2652 tum
402 2593 544 2652 alieni
514 2611 577 2651 csse
593 2595 769 2666 continuem,
793 2595 881 2653 eliam
898 2593 1059 2664 discretam,
1084 2603 1113 2652 ιι
1126 2609 1250 2670 priorem
1265 2602 1371 2653 nature
1387 2593 1556 2654 discretam.
1596 2593 1708 2670 Rur-

318 2699 384 2741 sum
407 2681 516 2740 dictum
541 2687 593 2752 est,
617 2683 774 2756 utrobique
797 2698 861 2742 esse
883 2681 995 2758 aliquid
1018 2683 1196 2756 primarium,
1219 2682 1320 2758 eliqua
1342 2682 1525 2754 secundaria,
1553 2689 1585 2740 ιιι
1601 2685 1666 2738 inter

318 2769 443 2830 discreta
457 2785 603 2840 numerus,
627 2769 702 2827 inter
715 2770 854 2828 continue
869 2767 1040 2846 magnitudo
1056 2772 1193 2844 primaria
1215 2777 1269 2828 est.
1299 2767 1438 2829 Omnium
1453 2772 1544 2844 igitur
1559 2767 1666 2828 matbe-

317 2859 439 2918 mntices
460 2855 632 2915 facultatum
660 2859 755 2932 prima
777 2863 836 2929 est,
867 2874 943 2931 qnee
966 2855 1002 2914 de
1025 2859 1153 2915 numeris
1174 2857 1247 2932 agit.
1293 2855 1419 2933 Oportet
1440 2866 1539 2915 autern
1565 2855 1665 2914 intelli-

317 2963 386 3021 gere
408 2959 467 3003 non
491 2959 606 3002 omnem
628 2945 831 3002 secretionem
846 2959 1039 3002 numerorum.
1070 2942 1145 3002 Nam
1168 2942 1278 3019 qnod
1270 2961 1300 3000 ιιι
1322 2945 1460 3004 universa
1474 2943 1664 3020 philosophia,

317 3032 496 3092 tumaxime
519 3033 548 3087 in
571 3030 900 3090 methemcticalocuur
924 3031 1024 3103 babet,
1054 3038 1086 3088 ut
1114 3030 1248 3106 singulae
1272 3033 1412 3092 scientiae
1439 3031 1574 3107 singulas
1597 3039 1665 3088 artes
1705 3089 1706 3094 ,

318 3121 440 3195 gignant
455 3125 485 3176 et
506 3135 558 3193 per
574 3116 639 3176 illas
655 3133 691 3176 er
708 3117 821 3176 theoria
836 3117 873 3176 nd
890 3119 992 3193 prasio
1007 3135 1071 3176 sese
1088 3118 1215 3177 efferant.
1242 3117 1396 3178 Praeticae
1413 3136 1482 3178 sero
1499 3117 1664 3194 disciplinae

319 3205 454 3266 omnibus
477 3204 644 3264 theoreticis
666 3212 734 3262 sunt
756 3207 946 3278 posteriores,
975 3207 1063 3280 igitur
1085 3223 1269 3265 numerorum
1293 3208 1471 3280 cognitioni,
1502 3223 1562 3264 nnn
1588 3221 1665 3281 prae·

317 3296 394 3353 tiene
416 3293 505 3372 (quae
530 3291 657 3367 vulgaris
680 3291 863 3351 arithmetica
891 3292 961 3368 ιιι),
991 3291 1043 3351 sed
1073 3292 1249 3351 scientificse
1280 3295 1406 3370 primurn
1437 3293 1533 3352 locum
1564 3295 1663 3351 tribuo.

317 3381 374 3440 llls
396 3397 465 3440 vero
489 3381 643 3456 perpaucis
671 3387 785 3437 constat
815 3379 1009 3439 theorematis.
1048 3377 1186 3453 Sequitur
1208 3379 1283 3440 banc
1311 3380 1509 3440 arithmeticen
1530 3377 1664 3456 specula·

319 3469 412 3527 risam
434 3478 547 3543 partem
569 3468 740 3540 geometria,
772 3483 848 3540 ques
876 3465 911 3524 de
939 3465 1190 3540 magnitudinibus
1219 3469 1281 3542 agit
1307 3469 1440 3527 seorsim.
1486 3469 1529 3526 Ea
1558 3483 1663 3526 rursum

318 3555 425 3631 duplex
449 3563 510 3624 est,
540 3554 700 3612 theoretica
727 3562 756 3613 et
779 3553 920 3628 practica,
950 3553 1032 3612 nulle
1054 3570 1082 3609 ιι.
1106 3554 1228 3611 scientia
1255 3554 1321 3630 plus
1353 3553 1390 3612 ad
1418 3559 1565 3630 practices
1594 3565 1663 3613 anos

318 3642 469 3716 conducit,
503 3657 590 3716 quem
619 3642 787 3714 geometria.
839 3640 877 3699 Ει
903 3640 1020 3716 quidem
1049 3643 1226 3714 geometrice
1256 3641 1436 3702 theoreticae
1465 3645 1551 3700 initio
1583 3642 1662 3716 hoJus

317 3737 458 3790 tractatus
481 3727 554 3788 duas
576 3728 698 3786 lecimus
720 3735 828 3803 partes,
852 3743 938 3786 unam
962 3727 998 3787 de
1014 3727 1273 3802 magnitudinibus,
1298 3737 1445 3804 quatenns
1459 3729 1533 3787 tiunt
1549 3729 1661 3804 figurae,

320 3817 441 3878 alteram
464 3815 501 3876 de
524 3817 740 3891 comparatione
762 3814 918 3890 figurarum
942 3823 972 3874 et
994 3816 1199 3891 quantitatum,
1222 3814 1300 3873 unde
1323 3819 1474 3892 proportio
1498 3817 1611 3874 existit.

421 3902 487 3983 Hae
510 3901 586 3962 duee
607 3904 756 3976 scientiae,
781 3903 963 3962 arithmetice
978 3902 1387 3978 etgeometriaspeculatira,
1411 3911 1528 3962 mutuas
1553 3902 1664 3962 tradunt
1700 3941 1703 3956 .

318 4007 499 4067 operasnsc
519 3991 558 4048 ab
580 3992 704 4050 invicem
727 3993 857 4065 separari
885 3998 1022 4066 possunt,
1053 3991 1189 4066 quemvis
1220 3997 1249 4048 ot
1277 3989 1463 4049 arithmetica
1490 3992 1530 4049 sit
1561 3990 1662 4066 prinei-

317 4081 398 4155 pium
421 4078 604 4153 cognitionis.

421 4164 589 4240 Sequuntur
607 4165 670 4239 jem
692 4165 846 4235 scientias,
874 4181 949 4240 quse
977 4168 1128 4223 versentur
1156 4166 1233 4222 circa
1261 4166 1441 4239 quantitates
1469 4164 1661 4222 secundariae.

318 4253 355 4312 Et
377 4254 504 4312 numeris
527 4251 644 4327 quidem
667 4269 755 4326 supro
776 4253 924 4311 accensita
946 4252 1000 4310 luit
1023 4254 1159 4310 orario.
1205 4252 1311 4326 ltaque
1333 4253 1464 4327 proxime
1486 4261 1558 4326 post
1580 4249 1662 4310 arith·

318 4343 453 4400 rusticam
475 4341 607 4415 sequitur
636 4341 764 4412 cognitio
792 4341 964 4415 quantitatis
991 4337 1187 4415 syllabarum,
1218 4355 1294 4413 quse
1319 4347 1364 4398 eet
1393 4355 1461 4414 pars
1483 4341 1616 4413 poetices
1635 4343 1659 4395 et

319 4429 465 4488 oratorius
488 4435 516 4485 et
540 4426 629 4485 babet
651 4442 800 4484 numerum
824 4425 1003 4484 materialem
1025 4443 1078 4501 pro
1100 4426 1243 4499 subjecto,
1267 4433 1382 4500 tempus
1397 4441 1438 4483 sc.
1454 4423 1659 4499 pronunciandi

321 4511 509 4574 numerabile.
554 4512 601 4572 Ita
623 4529 721 4586 voces,
745 4521 888 4588 qnatenus
910 4516 1036 4573 numeris
1060 4514 1289 4583 communicant,
1313 4512 1387 4570 tinnt
1408 4512 1577 4586 subjectum
1599 4513 1658 4571 bar·

319 4606 465 4680 monices,
493 4619 569 4678 quae
591 4599 862 4678 Pythagoreeorum
890 4603 1019 4659 inventio
1050 4609 1103 4657 est
1148 4599 1210 4658 Nos
1240 4609 1337 4658 tamen
1372 4599 1445 4657 inira
1479 4598 1578 4659 aliter.
1621 4599 1658 4656 lta

319 4692 394 4748 inter
416 4691 554 4749 continua
577 4705 642 4748 cuns
665 4696 724 4746 tres
747 4689 804 4746 sint
826 4686 1035 4760 magnitudinis
1057 4689 1186 4761 species,
1217 4685 1308 4759 linea,
1331 4685 1514 4762 superficies,
1549 4700 1657 4762 corpus:

319 4775 398 4834 linea
420 4775 546 4851 quidem,
571 4783 716 4850 quatenus
738 4772 797 4832 luci
818 4774 943 4833 radianti
967 4774 1173 4845 communicat,
1198 4773 1230 4831 nt
1252 4774 1415 4848 subjectum
1439 4774 1571 4851 opticen,
1593 4791 1656 4849 qua·

320 4871 405 4924 raum
426 4866 534 4940 motui,
562 4862 596 4922 lit
617 4861 782 4938 subjectum
812 4859 1008 4938 mechanicas,
1039 4868 1184 4938 qnatenus
1206 4868 1321 4940 tempus
1344 4859 1512 4938 coustituit,
1542 4860 1575 4922 rit
1596 4859 1657 4922 sub·
1698 4927 1700 4942 ,
