3494 5426
422 444 425 456 ·
524 405 660 467 indicium
678 408 771 466 metris
789 403 911 478 liepleri.
1329 403 1394 474 377
1417 457 1426 472 ,

38 584 85 640 die
103 589 241 652 gmeugeir
259 581 344 638 sehon
361 580 463 666 plebeo
479 581 534 638 ond
552 581 718 666 sahsehren,
736 581 797 638 dem
814 581 886 640 Actu
903 581 1078 654 beynohuen,
1096 583 1167 638 auch
1184 595 1240 638 vas
1258 580 1317 636 sloh
1335 595 1394 634 rer·

36 651 1395 794 iltilvilllilllitiiiiiiiihillileiletilll‘tlsliiliolitiiliiiht
1463 677 1466 684 ‘

36 795 109 850 dern
129 793 240 850 solchen
262 792 431 862 angestelten
448 793 611 862 productior
629 802 676 862 teg
699 793 863 862 demselben,
888 794 922 850 ob
945 809 974 848 es
999 795 1084 849 echon
1107 811 1160 848 von
1182 793 1233 847 mir
1257 791 1326 846 auch
1345 792 1393 846 be-

38 865 177 933 sehehen,
196 861 355 934 gleiehiahls
374 864 587 918 auverlshduden
598 863 696 919 nissen
709 863 827 934 werden)
845 863 949 920 lorbriu
985 863 1114 930 nlassen,
1133 863 1232 920 dormit
1247 863 1276 918 in
1293 863 1394 918 sochen

36 936 133 992 nichts
151 933 343 990 rerabsaumbt
360 933 466 990 werden
484 935 606 1003 mdchte,
627 933 745 990 welches
768 933 915 990 deueelhen
932 935 958 990 ic
997 933 1133 1006 suidegen
1150 933 1219 990 solla
1236 933 1289 988 rud
1308 933 1395 990 nolle.

148 1005 205 1062 Der
221 1004 389 1075 banahruug
407 1004 503 1062 Gottes
521 1021 585 1060 ruse
603 1003 776 1070 berehlendt,
793 1005 896 1060 Datum
914 1012 967 1062 eto.
990 1017 994 1026 ’

546 1075 595 1132 des
613 1075 688 1128 Hern
707 1073 910 1146 dienstuilliger
928 1073 1141 1130 Stattschreiber
1158 1091 1193 1130 zu
1210 1071 1354 1142 Leonberg

617 1145 646 1200 iu
664 1144 737 1220 disep
754 1145 855 1202 sachen
874 1145 1050 1270 Jerfirdneter
1068 1143 1273 1201 Commissarios

895 1257 900 1270 .
947 1231 1003 1270 ern.

146 1385 247 1444 lisdem
263 1387 322 1443 iere
339 1387 428 1444 serbis
446 1387 518 1442 idem
535 1387 622 1444 Jacob
634 1388 709 1444 liem
726 1387 863 1444 tutoribus
882 1387 991 1459 scripsit
1010 1388 1035 1443 d.
1054 1391 1078 1446 6.
1097 1385 1207 1460 Aprilis,
1224 1388 1394 1472 propositum
1515 1375 1517 1384 ’

37 1459 95 1518 sibi
109 1475 180 1528 esse,
199 1457 243 1514 die
255 1457 298 1514 22.
311 1459 377 1528 hpr.
395 1465 479 1514 testes
494 1457 673 1528 jurejurando
685 1458 802 1526 adigere,
820 1459 936 1529 proinde
953 1466 1057 1515 tutores
1070 1459 1114 1514 die
1132 1460 1205 1516 dicta
1217 1475 1247 1514 se
1259 1464 1393 1514 sisterent

34 1533 119 1588 Haec
141 1544 249 1600 quoque
273 1529 331 1584 dies
349 1528 593 1586 machinationibus
615 1529 687 1584 iorte
708 1529 925 1586 adversariorum
947 1529 1037 1600 (nidis
1054 1538 1180 1602 superest
1197 1529 1314 1601 epistola
1332 1529 1396 1584 data

34 1617 90 1672 per
110 1606 241 1656 aestatem
261 1599 324 1653 anni
342 1599 425 1668 loir)
449 1598 525 1653 irrita
544 1599 691 1668 praeteriit
723 1599 845 1656 Tandem
863 1599 985 1656 loannes
1007 1599 1143 1672 Keplerus
1165 1600 1208 1657 his
1233 1599 1301 1656 adiit
1317 1599 1394 1655 Vice-

37 1671 236 1728 caneellam'um
255 1669 444 1726 Sebastianum
461 1669 565 1725 Faber:

149 1902 266 1964 Nobilis
289 1813 325 1962 οἳ
341 1813 529 1978 {inpiissime
543 1900 605 1975 Vir,
630 1901 757 1964 Patrone
780 1900 1057 1965 observandissime.
1079 1891 1245 1964 'Hactenus
1266 1919 1319 1979 per
1333 1900 1391 1963 Dei

37 1992 177 2052 Gratiam
199 1989 330 2050 secunde
351 1989 431 2049 ieme
452 1990 607 2065 navigeri:
632 2007 698 2050 cum
720 2007 788 2052 eece
810 1991 954 2069 superiori
977 2005 1055 2051 auno
1070 1991 1168 2050 subito
1191 1997 1292 2051 coorta
1315 1995 1392 2048 tem-

34 2087 142 2158 pestas
163 2079 264 2138 nasim
286 2095 383 2137 meam
405 2079 434 2134 in
457 2077 612 2154 scopulum
634 2077 914 2154 periculosissimum
937 2077 1071 2155 impegit,
1100 2095 1158 2137 nou
1181 2095 1249 2138 mes
1272 2075 1392 2154 quidem

34 2167 169 2246 propria,
193 2165 246 2226 sed
263 2163 371 2224 histris
394 2181 477 2224 meaa
499 2166 617 2224 sinistro
640 2167 717 2238 lato,
748 2166 832 2242 ouJus
854 2175 952 2228 temen
977 2183 1062 2226 omns
1085 2161 1221 2225 damnum
1246 2165 1275 2224 in
1298 2164 1394 2224 iacui.
1619 2129 1704 2280 ‘q

36 2255 170 2328 tatibus,
202 2270 287 2314 omne
310 2250 438 2312 dedecus
469 2253 499 2310 in
522 2251 614 2312 tilium
636 2252 789 2316 redundat.
834 2253 935 2330 Nuper
956 2252 1113 2314 admodum
1144 2254 1241 2314 tristes
1263 2267 1396 2312 mcorsrm

34 2343 143 2404 literas
165 2342 276 2418 accepi,
299 2341 407 2415 quibus
428 2355 476 2398 ma
499 2347 630 2416 tempora
645 2340 744 2400 multis
759 2343 926 2402 nominibus
942 2341 1192 2418 importunissimo
1208 2340 1276 2402 inde
1290 2339 1394 2400 Lincio

36 2433 71 2488 in
95 2429 355 2504 Winembergiam
377 2428 408 2485 in
430 2425 573 2488 auxilium
604 2425 710 2505 trepidi
741 2427 900 2490 advocant.
945 2428 979 2488 In
1004 2430 1134 2489 omnium
1155 2429 1246 2506 igitur
1266 2425 1395 2488 auxilio-

38 2535 107 2578 rum
131 2518 232 2594 lnopia
254 2514 324 2574 dum
346 2515 548 2591 circumspicio
569 2513 709 2592 undique,
732 2532 824 2576 ausus
846 2533 911 2576 sum
936 2514 972 2577 de
994 2515 1071 2576 Nob.
1089 2515 1188 2593 Ampl.
1204 2515 1288 2576 Tuae
1303 2517 1395 2575 bene-

37 2603 178 2666 solentie
207 2602 345 2664 fiduciam
372 2601 546 2662 nonnullam
573 2605 741 2680 concipera;
775 2621 835 2680 que
861 2603 995 2664 nonnihil
1017 2612 1166 2664 recreatus
1189 2610 1220 2664 et
1241 2620 1294 2682 spe
1316 2603 1396 2662 bona

37 2690 196 2764 suffultus,
228 2691 304 2751 Nob.
328 2689 427 2777 Ampl.
449 2689 545 2750 Tuam
567 2690 710 2750 sollicitus
733 2689 825 2766 adeo,
857 2707 943 2752 orans
972 2699 1061 2768 atque
1087 2691 1263 2759 obsecrans,
1292 2689 1395 2750 horem

37 2782 160 2842 unicam
182 2778 356 2857 impertieris
379 2779 538 2840 amicorum
554 2794 686 2839 meorum
700 2779 760 2853 uni,
783 2795 848 2839 sese
863 2779 901 2839 ad
917 2778 1092 2840 sanandum
1108 2779 1297 2840 infortunium
1312 2793 1395 2839 meo·

36 2884 107 2928 rum
130 2865 271 2941 offerenti,
295 2864 433 2943 qnodque
455 2883 491 2925 ex
513 2882 569 2926 usu
591 2866 720 2926 loturum
743 2875 789 2926 est
808 2868 863 2927 abe
877 2867 914 2928 N.
931 2869 967 2926 Α.
983 2865 1017 2926 Τ.
1042 2867 1169 2944 petituro
1185 2883 1250 2928 meo
1266 2868 1393 2926 nomine.
1515 2909 1517 2912 .
1620 2823 1692 2964 2²³?

37 2952 169 3030 Quodsi,
191 2955 235 3013 nti
257 2953 366 3014 ebseoe
388 2953 523 3030 conjicio,
546 2951 687 3031 Princeps
709 2953 792 3013 mm·
807 2971 859 3030 per
880 2953 1013 3014 libellum
1035 2954 1197 3032 supplicem
1214 2956 1269 3015 erit
1282 2952 1396 3014 adeun·

38 3041 110 3117 dus,
134 3059 201 3100 eum
223 3040 282 3102 hae
303 3040 486 3101 subditorum
509 3038 647 3117 querelae
669 3057 728 3101 non
750 3040 866 3102 soleant
888 3043 978 3102 altius
1000 3051 1152 3119 penetrare
1175 3043 1288 3102 animos
1310 3040 1396 3100 Prin·

38 3130 150 3208 cipum,
173 3127 225 3188 sed
248 3129 356 3190 remitti
378 3127 417 3187 od
439 3127 648 3206 Expeditiones
670 3131 811 3190 astutae:
835 3145 906 3189 eura
929 3143 1040 3206 quaeso
1063 3129 1139 3189 Noh.
1164 3135 1194 3189 et
1216 3127 1316 3206 Ampl·
1331 3127 1395 3203 Vir,
1494 3189 1503 3214 ,A
1614 3083 1680 3202 3²⁵„
1694 3199 1699 3210 ,

39 3233 82 3278 ue
103 3218 256 3292 negotium
277 3214 383 3292 frigide
404 3217 491 3274 nimie
512 3215 551 3276 ad
574 3231 625 3276 eos
647 3217 728 3293 ipsos
750 3217 923 3291 remittatur,
947 3232 1022 3293 quos
1043 3217 1104 3294 jam
1127 3215 1289 3278 adversarii
1304 3219 1395 3277 nostri

39 3311 75 3367 et
95 3303 261 3382 praelectus
283 3303 497 3380 hcobergeneis
519 3310 772 3380 praeoccuparunt
792 3305 822 3362 in
844 3311 974 3367 nostram
998 3307 1164 3380 perniciem.

148 3391 234 3470 Eum,
258 3393 309 3468 qni
331 3392 386 3451 tibi
408 3388 445 3451 ds
466 3393 540 3450 meis
562 3391 668 3451 raierat
689 3399 845 3468 tecumque
867 3398 948 3468 agat,
970 3391 1124 3452 Rittelium
1145 3391 1207 3452 iore
1230 3399 1312 3468 puto,
1335 3407 1394 3450 non

37 3497 108 3540 sum
130 3485 229 3538 umen
253 3486 365 3553 certus,
388 3495 454 3539 cnm
477 3479 533 3538 sim
555 3478 672 3539 absens.
718 3477 832 3554 Quodsi
854 3478 911 3540 hac
932 3495 985 3556 spe
1008 3478 1129 3552 excido,
1151 3495 1197 3539 res
1220 3493 1256 3538 eo
1278 3476 1394 3551 redibit,

36 3574 76 3628 ut
96 3565 174 3626 Nob.
197 3565 295 3644 hmpl.
318 3565 358 3626 'l‘
379 3568 419 3625 sit
440 3563 565 3644 amplius
589 3566 783 3642 obsecranda,
811 3567 911 3628 literas
932 3564 970 3626 ad
993 3565 1145 3626 Rittelium
1176 3568 1300 3642 scriptas
1330 3567 1394 3642 lpse

35 3657 171 3730 resignet
193 3671 245 3730 per
267 3671 349 3714 meos
372 3652 488 3735 oblatos
510 3656 764 3731 narrationemque
788 3671 824 3716 ex
846 3655 972 3716 lectione
994 3656 1145 3732 percipiat,
1170 3671 1229 3730 qua
1252 3669 1343 3730 opera
1357 3653 1393 3712 ll.

38 3744 81 3806 Δ.
104 3740 201 3800 Tuam
224 3743 480 3818 occupatissimam
502 3740 638 3818 equidem
659 3759 847 3820 percuperem
869 3741 1008 3802 lavatam.

145 3825 216 3888 lam
238 3830 355 3907 scriptis
376 3829 434 3889 huc
457 3844 550 3906 usquc
571 3828 664 3889 literis
688 3836 832 3891 venerunt
852 3829 891 3890 ed
906 3845 952 3889 me
967 3829 1101 3889 Lincium
1116 3833 1210 3888 mater
1224 3845 1290 3888 cum
1306 3828 1394 3889 iratre

34 3913 269 3992 christophoro,
300 3915 364 3977 cive
385 3915 598 3993 Leoborgcnsi,
631 3933 667 3978 ex
690 3916 798 3994 quibus
820 3933 881 3978 rem
903 3933 1033 3990 omnem,
1057 3923 1090 3976 ut
1111 3923 1196 3992 gesta
1218 3923 1272 3991 est,
1295 3915 1393 3976 didici.

34 4003 138 4064 Exeo
161 4011 301 4085 tempore,
324 4020 391 4064 cum
412 4007 443 4062 in
457 4005 603 4064 territorio
626 4003 823 4082 Leobergensi
839 3995 1046 4082 comprehendi
1068 4010 1227 4080 coeperunt
1241 4005 1394 4064 sortiariae

36 4105 202 4167 mmmque
225 4093 297 4154 artis
318 4093 443 4153 nocivae
465 4093 495 4150 in
517 4091 624 4170 volgus
645 4092 896 4169 Lsohsrgeusium
918 4093 1083 4168 imperitum
1106 4101 1136 4152 et
1157 4093 1394 4168 superstitiosum

34 4179 233 4254 disseminari,
256 4179 366 4240 exstitit
379 4179 549 4256 hecbergae
564 4177 667 4239 mulier
681 4179 852 4257 phrenetice
872 4187 903 4239 et
916 4195 1013 4257 poena
1035 4177 1234 4258 impudicitiae
1257 4178 1394 4256 publicas

33 4265 166 4340 inituris,
190 4283 266 4343 qnae
289 4283 355 4328 cum
378 4267 458 4345 prius
481 4269 635 4327 occasione
650 4273 816 4328 contractus
832 4282 898 4328 cum
913 4269 1002 4328 tratre
1017 4284 1094 4342 meo,
1115 4268 1214 4328 iosors
1233 4267 1392 4341 stannatio,

33 4355 198 4416 exarsisset
220 4356 250 4414 in
272 4355 361 4428 rixas,
383 4356 414 4413 in
437 4353 544 4430 quibus
566 4353 609 4413 illi
632 4371 686 4416 soa
708 4353 864 4428 dedecora,
887 4363 920 4416 ut
941 4354 1002 4415 fieri
1026 4355 1110 4430 solet,
1133 4355 1257 4432 primum
1272 4370 1291 4414 e
1305 4352 1394 4414 iratre

33 4441 177 4517 objecta,
207 4449 314 4518 postea
336 4458 355 4502 e
377 4448 469 4502 matre
491 4443 616 4518 repetita
637 4442 771 4516 luerunt,
802 4442 902 4502 odium
924 4441 1113 4519 implacabile
1139 4441 1273 4517 concepit
1296 4456 1392 4518 eoque

33 4528 173 4590 dictante
195 4535 226 4590 et
247 4545 384 4607 sagarum
407 4529 641 4590 confessionibus
664 4529 700 4590 de
722 4527 867 4590 similibus
890 4529 1041 4590 maleficiis
1056 4530 1231 4608 perpetratis
1246 4546 1266 4588 a
1280 4543 1312 4588 se
1335 4526 1392 4588 ad-

33 4617 163 4692 monita,
185 4624 308 4678 matrem
330 4619 419 4678 otiam
440 4634 535 4678 meam
558 4619 588 4676 iu
610 4617 718 4694 vulgus
742 4617 875 4678 venalicii
897 4634 977 4680 ream
992 4617 1088 4679 iacere
1101 4618 1209 4694 coepit,
1233 4615 1391 4692 aihrmaus,

31 4707 178 4766 haustum
199 4706 257 4764 sibi
278 4705 427 4782 quondam
449 4723 468 4766 a
490 4711 582 4766 matre
603 4721 669 4766 mea
691 4707 888 4784 propinatum,
912 4723 999 4782 quem
1020 4705 1177 4780 evestigio
1200 4705 1320 4765 morbus
1342 4703 1392 4764 ille

31 4811 109 4855 suns
132 4794 172 4852 eit
195 4799 378 4858 conmeatus.
422 4793 515 4868 Fama
538 4793 665 4867 malam,
697 4809 757 4870 qno
778 4809 837 4853 noo
861 4793 942 4854 eliud
964 4792 1110 4866 velocium
1139 4793 1237 4852 statim
1261 4792 1339 4852 enim
1360 4793 1390 4852 ln

31 4887 127 4959 gente
149 4881 440 4959 superstitiosissime
462 4882 569 4959 serpsit
588 4880 664 4942 haec
684 4881 823 4959 suspicio,
847 4897 914 4942 cum
927 4886 1131 4958 argumentum
1153 4880 1191 4941 ab
1206 4885 1305 4942 aetate
1326 4897 1391 4942 ma-
