3436 5416
604 333 625 390 1.
645 332 845 390 llathemrrtioa.

639 521 754 609 Caput
780 517 814 590 4.

525 653 656 714 Divisio
679 657 925 721 amaricatum.

157 771 244 832 Libro
260 772 297 832 V.
322 771 392 836 utet.
410 790 472 852 cap.
493 780 551 848 le,
576 781 732 850 postquam
753 772 951 833 definitionem
973 775 1145 848 quantitatis
1166 774 1263 850 posuit
1278 774 1401 833 erino-

68 857 142 931 teles,
169 859 321 936 subjungit
343 860 419 920 hano
442 861 632 920 divisionem:
663 860 829 936 Quaedam,
856 861 966 936 inquit,
991 867 1061 919 sunt
1088 877 1138 937 per
1160 877 1192 919 se
1216 868 1342 936 quanta,
1371 871 1403 921 ut

67 944 224 1021 linsamo,
255 947 399 1023 quaedam
427 965 477 1025 per
500 947 644 1011 accidens.
690 947 763 1008 Nam
787 950 975 1026 respicientes
998 947 1036 1006 ad
1066 945 1138 1006 haec
1166 956 1262 1006 cetera
1284 965 1402 1025 quoque

70 1042 165 1110 quanta
188 1030 321 1108 (belmas,
345 1043 377 1094 ut
398 1034 518 1095 multam
542 1033 717 1096 albedinem.
781 1087 784 1094 .

156 1117 191 1180 Et
214 1140 290 1198 quae
312 1141 364 1200 per
378 1140 409 1182 se
424 1133 542 1199 quanta,
568 1141 667 1182 eorum
689 1123 790 1198 aliqua
812 1119 972 1182 secundum
989 1122 1144 1182 essentiam
1161 1121 1241 1194 talia,
1267 1129 1299 1180 ut
1313 1121 1400 1196 linea,

67 1209 180 1284 quia-in
212 1207 379 1270 delinitione
405 1210 500 1270 lineae
531 1213 607 1270 inest
635 1209 778 1288 particula
805 1219 955 1285 quantum.
1003 1207 1111 1286 Aliqua
1138 1208 1226 1283 hujus
1256 1211 1401 1270 essentiae

66 1296 218 1356 affectiones
243 1305 272 1357 et
285 1297 448 1357 accidentia
470 1305 547 1371 strnt,
570 1301 653 1376 παθη
670 1322 717 1358 και
732 1292 812 1369 ἕξεις,
836 1296 999 1372 cujusmodi
1020 1303 1087 1358 sunt
1110 1296 1241 1368 multum,
1266 1313 1402 1374 paucum,

65 1381 179 1460 longum,
201 1384 301 1459 breve,
323 1383 424 1450 latum.
440 1395 606 1460 angustum,
622 1381 804 1463 profundum,
828 1382 946 1456 humile,
969 1401 1068 1460 grave,
1092 1382 1158 1444 lere
1174 1393 1203 1442 et
1218 1383 1335 1456 similia,
1359 1384 1402 1444 sia

67 1488 189 1547 magnum
212 1479 242 1532 ot
266 1489 387 1549 parvum
410 1481 465 1534 etc.
498 1471 602 1530 Eorum
619 1481 725 1545 autem,
750 1489 825 1547 quae
839 1490 900 1616 dper
922 1489 953 1530 aa
976 1480 1087 1546 quauta
1105 1479 1182 1544 srrrrt,
1206 1469 1264 1529 duo
1287 1479 1403 1531 sumina

65 1577 160 1636 genera
188 1560 215 1616 iu
241 1551 403 1636 Catagorils
426 1561 578 1619 constituit
608 1557 808 1637 philosophus,
861 1559 1027 1619 iscrctorum
1057 1575 1097 1618 so.
1128 1565 1156 1618 et
1188 1559 1400 1620 continuorum.

65 1643 94 1704 In
115 1645 272 1723 detegeris
294 1654 391 1706 antcm
413 1649 576 1708 accuratius
599 1645 708 1719 delinit,
733 1645 802 1722 quid
826 1636 996 1719 discretum,
1021 1645 1090 1722 quid
1113 1647 1290 1706 continuum.
1329 1637 1401 1704 Dis-

66 1739 177 1806 cretum,
199 1735 309 1810 inquit,
335 1741 394 1807 ast,
425 1733 504 1810 quod
527 1751 583 1792 non
608 1725 697 1793 habet
720 1743 901 1794 commanent
925 1736 1093 1803 terminum,
1127 1730 1163 1792 ad
1187 1750 1274 1808 quem
1297 1735 1402 1792 oo'e'ant

67 1829 149 1896 partes
171 1821 243 1896 ejus.
290 1819 330 1880 Ut
351 1825 375 1879 si
398 1825 526 1898 quinque
549 1824 607 1879 sint
629 1839 696 1898 pars
719 1820 841 1893 denarii,
865 1823 993 1896 quinqua
1016 1829 1046 1880 et
1067 1823 1213 1897 quinque,
1237 1829 1347 1897 septem
1371 1830 1402 1878 et

66 1903 112 1966 lrla
136 1894 212 1967 nullo
247 1912 391 1969 commatri
421 1912 542 1968 termino
572 1910 692 1968 coibunt
717 1917 745 1968 ot
774 1906 996 1986 copulabuntur.
1043 1906 1221 1966 Continuam
1253 1923 1320 1965 varo
1345 1915 1400 1979 cst,

66 1993 133 2070 qnod
153 1990 242 2055 habet
264 2013 445 2056 communem
470 1997 636 2070 terminum,
652 1995 696 2082 'ad
721 2013 823 2074 quem,
847 1999 878 2053 ht
903 1999 932 2052 in
955 1993 1032 2054 linea
1055 1993 1094 2054 ad
1115 1997 1270 2072 punctum,
1302 1999 1401 2070 parte's

66 2081 119 2158 ejus
140 2081 316 2159 copulentur.

154 2169 267 2230 Passim
295 2179 392 2230 auteur
416 2173 444 2228 in
469 2169 602 2248 Physicis
626 2169 797 2230 Aristoteles
827 2159 864 2230 da
893 2169 1037 2228 continuis
1067 2167 1129 2244 agit
1158 2174 1187 2227 et
1217 2163 1400 2228 definitiones

66 2255 148 2326 affert,
175 2275 249 2334 quae
279 2253 319 2319 ab
342 2258 397 2318 hac
419 2255 550 2318 nonnihil
581 2258 760 2334 discrepant,
788 2259 841 2316 etsi
874 2259 961 2316 etiam
984 2261 1126 2332 cognatae
1157 2257 1220 2314 sint
1236 2255 1314 2316 huic.
1360 2249 1401 2315 Ut

66 2361 121 2402 eum
141 2342 212 2404 libro
234 2345 272 2408 V.
296 2341 386 2423 Phys.
410 2363 474 2422 cap.
499 2353 515 2406 3
541 2351 570 2404 et
592 2338 628 2403 V.
654 2341 724 2407 Met.
747 2363 811 2421 cap.
838 2351 865 2404 (t.
890 2346 1071 2416 continuum,
1096 2345 1153 2413 ait,
1186 2342 1215 2399 in
1238 2340 1284 2401 his
1304 2336 1401 2401 locum

66 2427 169 2506 habere,
192 2451 228 2493 ax
252 2434 358 2510 quibua
381 2434 475 2509 possit
497 2450 585 2492 rrnum
609 2441 774 2492 contactum
791 2432 861 2492 fieri.
892 2432 927 2490 lit
951 2430 1050 2490 alitor:
1071 2431 1300 2502 continuarunt,
1325 2447 1401 2507 quo·

65 2534 118 2576 rura
139 2522 287 2596 uniusque
310 2529 468 2580 extremum
492 2538 580 2578 unum
604 2529 632 2580 et
655 2519 732 2580 idem
754 2519 795 2592 fir,
820 2516 925 2596 quibus
949 2520 1088 2596 contigua
1109 2525 1177 2576 sunt
1191 2522 1220 2576 et
1234 2515 1399 2578 cohaerent.

67 2603 166 2680 Quibus
188 2607 262 2668 loeis
287 2608 386 2667 definit
408 2609 555 2679 continua,
579 2625 637 2665 non
662 2609 845 2680 continuum,
877 2615 906 2664 et
930 2604 1050 2680 indicat,
1075 2601 1222 2680 quomodo
1246 2603 1304 2665 duo
1327 2621 1401 2665 con·

66 2693 137 2756 tinua
157 2697 228 2754 inter
251 2713 283 2756 aa
305 2695 386 2768 fiant,
409 2708 466 2754 non
491 2693 638 2772 quomodo
663 2706 750 2753 uuum
773 2693 834 2753 suis
856 2694 988 2770 partibus
1011 2694 1178 2753 continuum
1201 2693 1248 2752 sit.

159 2780 282 2842 Additur
304 2785 332 2840 in
349 2781 512 2860 Categoriie
535 2790 564 2842 et
587 2781 660 2842 haec
683 2781 798 2854 divisio,
823 2779 901 2857 quod
925 2780 1069 2856 quaedam
1093 2788 1226 2839 constant
1248 2796 1284 2838 ex
1306 2777 1399 2856 parti·

68 2867 121 2942 bus,
143 2887 215 2946 quac
238 2869 419 2929 adinvicem
441 2873 530 2930 sitnm
546 2868 691 2946 quendam
712 2869 831 2940 habent,
855 2875 887 2927 ut
908 2865 994 2942 linea,
1019 2865 1200 2944 quorundam
1217 2883 1285 2926 vero
1302 2882 1398 2942 quan·

69 2961 150 3015 torum
171 2963 269 3033 partes
290 2956 403 3016 nullum
425 2955 553 3016 habeant
575 2955 614 3016 ad
636 2957 760 3017 invicem
783 2957 880 3029 situm,
905 2964 937 3015 ut
958 2953 988 3014 ln
1011 2964 1148 3030 tempore.

158 3043 290 3120 Denique
321 3043 435 3104 ridetur
466 3047 538 3104 inter
555 3062 596 3122 ,ea
619 3043 721 3118 etiam,
752 3061 827 3118 quae
855 3060 907 3119 per
937 3044 1094 3103 essentiam
1117 3047 1233 3116 'quanta
1257 3035 1399 3113 dicontur,

68 3129 115 3190 hoc
135 3129 234 3191 cadere
259 3130 420 3206 discrimen,
446 3131 524 3207 quod
548 3132 693 3208 quaedam
708 3133 767 3190 sint
781 3131 927 3207 primaria,
950 3125 1094 3204 quaedam
1117 3127 1297 3188 secundaria.
1335 3125 1400 3185 Pri-

69 3219 147 3277 maria
167 3219 291 3292 scilieet,
322 3236 398 3296 quae
429 3220 599 3295 quantitatis
628 3221 769 3278 rationem
798 3234 855 3277 nou
879 3219 1083 3276 nanciscuntur
1110 3217 1148 3275 ab
1170 3213 1246 3282 allo,
1275 3212 1327 3274 aad
1357 3217 1399 3274 eis

68 3310 148 3380 primo
176 3314 346 3382 competunt
374 3308 570 3384 quantitatum
601 3307 807 3384 proprietates,
839 3314 872 3364 ut
894 3313 939 3364 est
961 3305 1035 3363 inter
1058 3305 1196 3364 continua
1217 3300 1398 3378 magnitudo,

68 3395 130 3452 inter
151 3393 276 3453 discreta
297 3411 442 3468 numerus,
467 3390 610 3471 quaedam
634 3411 712 3466 voro,
737 3387 815 3468 quod
840 3401 949 3468 quanta
973 3394 1039 3462 sint,
1062 3400 1212 3465 acceptum
1236 3389 1331 3450 larunt
1352 3386 1399 3448 his

69 3481 128 3556 ipsis
145 3483 205 3558 jam
227 3483 402 3558 nominatis,
431 3493 462 3540 ut
493 3483 565 3540 inter
595 3484 733 3540 continua
755 3479 851 3554 locus,
879 3482 948 3554 quia
971 3470 1105 3538 definitur
1127 3494 1191 3536 esse
1221 3475 1400 3554 superficies,

70 3571 96 3625 ut
115 3568 289 3644 magnitudo,
312 3575 436 3645 tempus,
459 3571 530 3644 quia
553 3567 739 3627 materialiter
762 3567 838 3625 idem
861 3577 906 3626 est
928 3584 993 3624 cum
1015 3574 1105 3638 motu,
1130 3572 1162 3624 ut
1184 3563 1322 3640 probatur
1345 3558 1398 3622 IV.

69 3649 253 3734 Physioornm.
302 3655 399 3714 Motus
424 3673 505 3725 vero,
538 3658 631 3733 inquit
656 3651 827 3714 Aristoteles
850 3643 901 3712 lib.
926 3649 981 3712 ΙΙΙ.
1005 3649 1094 3730 Phys.
1119 3669 1183 3728 cap.
1211 3659 1253 3724 t.,
1284 3647 1399 3710 videtur

70 3759 98 3802 ex
117 3744 256 3804 continuis
280 3760 352 3815 essc,
377 3742 456 3818 quod
478 3742 582 3803 clarius
606 3741 731 3818 explicat
754 3739 789 3799 V.
813 3732 944 3816 Metaph.
971 3746 1026 3800 13:
1051 3746 1146 3798 motus
1162 3745 1191 3796 et
1206 3747 1329 3814 tempus,
1353 3739 1400 3794 in·

70 3831 130 3906 quit,
151 3839 259 3909 quanta
290 3839 318 3889 ct
340 3832 478 3890 continua
501 3829 649 3902 dicuntur,
674 3845 708 3888 eo
732 3827 810 3904 quod
833 3828 885 3886 illa
907 3834 976 3886 sunt
998 3825 1171 3900 divisibilia,
1197 3841 1319 3901 quorum
1342 3826 1399 3883 ista

71 3927 127 3976 sunt
146 3919 316 3980 accidentia.
353 3917 428 3976 Nam
452 3919 521 3992 quia
543 3917 581 3989 id,
605 3935 656 3994 per
679 3915 758 3992 quod
781 3933 827 3974 res
849 3915 949 3990 aliqua
964 3920 1044 3973 motu
1069 3931 1121 3972 suo
1145 3915 1287 3984 transivit,
1304 3928 1400 3987 quan·

70 4017 121 4065 tum
142 4007 208 4084 quid
231 4013 290 4078 est,
319 4003 385 4064 ideo
409 4013 438 4065 et
459 4013 556 4064 motus
579 4011 717 4081 quant'nni
741 4001 828 4078 quid,
857 4009 886 4061 et
908 4004 977 4078 quia
1000 3999 1199 4082 motus,ideo
1223 4006 1252 4059 et
1274 4008 1397 4072 tempus.

72 4091 111 4152 Sic
131 4097 200 4155 inter
222 4095 349 4152 discreta
371 4093 464 4152 oratio
486 4094 621 4164 retertur,
653 4092 722 4166 quia
744 4089 884 4150 discretas
915 4089 1004 4149 habet
1032 4088 1162 4165 syllabas
1185 4092 1214 4146 at
1236 4085 1399 4144 differentes

72 4181 179 4241 inrisam
207 4181 386 4258 temporibus
409 4177 633 4256 pronunciandi3
663 4179 751 4254 longa
779 4194 882 4253 nempe
911 4175 1028 4254 syllaba
1055 4173 1144 4236 hahet
1172 4169 1229 4232 duo
1260 4180 1398 4247 tempora,

74 4269 155 4329 brevis
177 4288 273 4329 unum.
321 4265 358 4326 Et
379 4269 421 4326 sie
451 4267 543 4326 oratio
574 4264 639 4326 ideo
663 4273 707 4325 est
729 4263 853 4325 discreta
881 4265 1043 4340 quantitas,
1073 4265 1142 4338 quia
1169 4271 1198 4320 et
1225 4257 1346 4336 syllabis
1369 4263 1399 4314 et

73 4357 235 4433 syllabarum
257 4355 485 4414 dimensionibus
507 4371 643 4414 numeros
664 4354 795 4429 srtseipit.
839 4351 962 4428 Propter
984 4349 1059 4409 hanc
1081 4349 1258 4426 prioritatem
1281 4343 1397 4402 Aristo-

75 4444 135 4504 teles
153 4445 225 4505 libro
248 4439 304 4502 111.
327 4441 416 4521 Phys.
438 4459 500 4522 cap.
523 4441 550 4502 5.
583 4457 667 4500 omna
690 4437 836 4500 divisibile
868 4441 909 4500 ait
935 4447 987 4498 aut
1009 4433 1235 4516 magnitudinem
1259 4445 1322 4490 essa
1345 4431 1397 4488 ant

26 4567 28 4572 .
76 4531 279 4594 multitudinem.
