<?xml version="1.0" encoding="UTF-8"?>
<!DOCTYPE html PUBLIC "-//W3C//DTD XHTML 1.0 Transitional//EN"
    "http://www.w3.org/TR/xhtml1/DTD/xhtml1-transitional.dtd">
<html xmlns="http://www.w3.org/1999/xhtml" xml:lang="en" lang="en">
 <head>
  <title>
</title>
<meta http-equiv="Content-Type" content="text/html;charset=utf-8" />
  <meta name='ocr-system' content='tesseract 3.04.00' />
  <meta name='ocr-capabilities' content='ocr_page ocr_carea ocr_par ocr_line ocrx_word'/>
</head>
<body>
  <div class='ocr_page' id='page_1' title='image "./joanniskepleria21frisgoog_0241.png"; bbox 0 0 3398 5426; ppageno 0'>
   <div class='ocr_carea' id='block_1_1' title="bbox 585 417 853 543">
    <p class='ocr_par' dir='ltr' id='par_1_1' title="bbox 585 417 853 543">
     <span class='ocr_line' id='line_1_1' title="bbox 585 417 853 543; baseline 0.011 -62"><span class='ocrx_word' id='word_1_1' title='bbox 585 417 635 543; x_wconf 48' lang='lat'><strong>113.</strong></span> <span class='ocrx_word' id='word_1_2' title='bbox 653 421 853 484; x_wconf 76' lang='lat' dir='ltr'><strong>tsuonmics</strong></span> 
     </span>
    </p>
   </div>
   <div class='ocr_carea' id='block_1_2' title="bbox 3 595 1463 4623">
    <p class='ocr_par' dir='ltr' id='par_1_2' title="bbox 3 595 723 1297">
     <span class='ocr_line' id='line_1_2' title="bbox 52 595 721 681; baseline 0.006 -19"><span class='ocrx_word' id='word_1_3' title='bbox 52 607 93 662; x_wconf 81' lang='lat' dir='ltr'><strong>ter</strong></span> <span class='ocrx_word' id='word_1_4' title='bbox 106 601 156 663; x_wconf 80' lang='lat' dir='ltr'><strong>EG</strong></span> <span class='ocrx_word' id='word_1_5' title='bbox 176 603 208 662; x_wconf 92' lang='lat' dir='ltr'><strong>in</strong></span> <span class='ocrx_word' id='word_1_6' title='bbox 229 601 383 681; x_wconf 73' lang='lat' dir='ltr'>scrupulis,</span> <span class='ocrx_word' id='word_1_7' title='bbox 407 619 444 664; x_wconf 84' lang='lat' dir='ltr'><strong>ex</strong></span> <span class='ocrx_word' id='word_1_8' title='bbox 458 595 525 680; x_wconf 91' lang='grc' dir='ltr'><strong>ΑΒ,</strong></span> <span class='ocrx_word' id='word_1_9' title='bbox 548 604 603 666; x_wconf 99' lang='grc' dir='ltr'><strong>ΒΕ</strong></span> <span class='ocrx_word' id='word_1_10' title='bbox 625 607 655 664; x_wconf 90' lang='lat' dir='ltr'><strong>ln</strong></span> <span class='ocrx_word' id='word_1_11' title='bbox 672 607 721 666; x_wconf 88' lang='lat' dir='ltr'><strong>in-</strong></span> 
     </span>
     <span class='ocr_line' id='line_1_3' title="bbox 3 690 723 770; baseline 0.007 -20"><span class='ocrx_word' id='word_1_12' title='bbox 3 717 4 720; x_wconf 39' lang='lat'>¹</span> <span class='ocrx_word' id='word_1_13' title='bbox 51 692 144 767; x_wconf 79' lang='lat' dir='ltr'><strong>tegris.</strong></span> <span class='ocrx_word' id='word_1_14' title='bbox 190 690 223 770; x_wconf 85' lang='grc'><strong>3)</strong></span> <span class='ocrx_word' id='word_1_15' title='bbox 245 691 290 751; x_wconf 83' lang='lat' dir='ltr'><strong>Ex</strong></span> <span class='ocrx_word' id='word_1_16' title='bbox 319 691 379 752; x_wconf 87' lang='lat' dir='ltr'><strong>tab.</strong></span> <span class='ocrx_word' id='word_1_17' title='bbox 410 690 515 757; x_wconf 81' lang='lat' dir='ltr'><strong>deciis.</strong></span> <span class='ocrx_word' id='word_1_18' title='bbox 538 692 723 770; x_wconf 77' lang='lat' dir='ltr'><strong>generalibus</strong></span> 
     </span>
     <span class='ocr_line' id='line_1_4' title="bbox 49 777 722 858; baseline 0.003 -18"><span class='ocrx_word' id='word_1_19' title='bbox 49 777 169 840; x_wconf 78' lang='lat' dir='ltr'><strong>hebetur</strong></span> <span class='ocrx_word' id='word_1_20' title='bbox 183 779 237 838; x_wconf 85' lang='grc' dir='ltr'><strong>ΒΕ</strong></span> <span class='ocrx_word' id='word_1_21' title='bbox 260 785 290 840; x_wconf 91' lang='lat' dir='ltr'><strong>et</strong></span> <span class='ocrx_word' id='word_1_22' title='bbox 304 777 440 840; x_wconf 83' lang='lat' dir='ltr'><strong>addendo</strong></span> <span class='ocrx_word' id='word_1_23' title='bbox 456 780 509 840; x_wconf 86' lang='grc' dir='ltr'><strong>ΑΕ</strong></span> <span class='ocrx_word' id='word_1_24' title='bbox 522 782 552 838; x_wconf 90' lang='lat' dir='ltr'><strong>in</strong></span> <span class='ocrx_word' id='word_1_25' title='bbox 568 781 722 858; x_wconf 76' lang='lat' dir='ltr'><strong>scrupulis,</strong></span> 
     </span>
     <span class='ocr_line' id='line_1_5' title="bbox 50 865 722 944; baseline 0.001 -17"><span class='ocrx_word' id='word_1_26' title='bbox 50 873 77 927; x_wconf 88' lang='lat' dir='ltr'><strong>et</strong></span> <span class='ocrx_word' id='word_1_27' title='bbox 97 865 152 926; x_wconf 91' lang='grc' dir='ltr'><strong>ΒΕ</strong></span> <span class='ocrx_word' id='word_1_28' title='bbox 173 868 203 925; x_wconf 94' lang='lat' dir='ltr'><strong>in</strong></span> <span class='ocrx_word' id='word_1_29' title='bbox 233 868 364 944; x_wconf 83' lang='lat' dir='ltr'><strong>integris.</strong></span> <span class='ocrx_word' id='word_1_30' title='bbox 394 867 428 944; x_wconf 79' lang='lat' dir='ltr'><strong>t)</strong></span> <span class='ocrx_word' id='word_1_31' title='bbox 445 867 489 926; x_wconf 83' lang='lat' dir='ltr'><strong>Ex</strong></span> <span class='ocrx_word' id='word_1_32' title='bbox 506 868 616 928; x_wconf 88' lang='lat' dir='ltr'><strong>tabulis</strong></span> <span class='ocrx_word' id='word_1_33' title='bbox 630 868 673 929; x_wconf 87' lang='lat' dir='ltr'><strong>M.</strong></span> <span class='ocrx_word' id='word_1_34' title='bbox 690 871 722 930; x_wconf 81' lang='lat' dir='ltr'><strong>O.</strong></span> 
     </span>
     <span class='ocr_line' id='line_1_6' title="bbox 48 953 723 1030; baseline 0.01 -17"><span class='ocrx_word' id='word_1_35' title='bbox 48 953 232 1030; x_wconf 73' lang='lat' dir='ltr'>generalibus</span> <span class='ocrx_word' id='word_1_36' title='bbox 253 955 378 1016; x_wconf 85' lang='lat' dir='ltr'><strong>babetur</strong></span> <span class='ocrx_word' id='word_1_37' title='bbox 398 955 450 1015; x_wconf 85' lang='grc' dir='ltr'><strong>ΕΕ</strong></span> <span class='ocrx_word' id='word_1_38' title='bbox 472 961 502 1016; x_wconf 90' lang='lat' dir='ltr'><strong>et</strong></span> <span class='ocrx_word' id='word_1_39' title='bbox 524 957 723 1020; x_wconf 73' lang='lat' dir='ltr'><strong>subtractione</strong></span> 
     </span>
     <span class='ocr_line' id='line_1_7' title="bbox 48 1040 723 1119; baseline 0.004 -18"><span class='ocrx_word' id='word_1_40' title='bbox 48 1040 93 1101; x_wconf 78' lang='lat' dir='ltr'><strong>DF</strong></span> <span class='ocrx_word' id='word_1_41' title='bbox 116 1043 147 1100; x_wconf 93' lang='lat' dir='ltr'><strong>in</strong></span> <span class='ocrx_word' id='word_1_42' title='bbox 169 1042 328 1119; x_wconf 80' lang='lat' dir='ltr'><strong>scrupulis:</strong></span> <span class='ocrx_word' id='word_1_43' title='bbox 352 1045 395 1103; x_wconf 91' lang='lat' dir='ltr'><strong>sic</strong></span> <span class='ocrx_word' id='word_1_44' title='bbox 416 1044 505 1119; x_wconf 80' lang='lat' dir='ltr'><strong>igitur</strong></span> <span class='ocrx_word' id='word_1_45' title='bbox 519 1050 614 1104; x_wconf 89' lang='lat' dir='ltr'><strong>totum</strong></span> <span class='ocrx_word' id='word_1_46' title='bbox 630 1047 723 1104; x_wconf 89' lang='lat' dir='ltr'><strong>trian-</strong></span> 
     </span>
     <span class='ocr_line' id='line_1_8' title="bbox 47 1128 723 1208; baseline 0.003 -18"><span class='ocrx_word' id='word_1_47' title='bbox 47 1128 145 1206; x_wconf 75' lang='lat' dir='ltr'><strong>gulum</strong></span> <span class='ocrx_word' id='word_1_48' title='bbox 160 1129 237 1192; x_wconf 80' lang='grc' dir='ltr'><strong>ΑΒΕ</strong></span> <span class='ocrx_word' id='word_1_49' title='bbox 259 1133 324 1192; x_wconf 82' lang='lat' dir='ltr'><strong>sine</strong></span> <span class='ocrx_word' id='word_1_50' title='bbox 345 1129 598 1208; x_wconf 87' lang='lat' dir='ltr'><strong>multiplicatione,</strong></span> <span class='ocrx_word' id='word_1_51' title='bbox 621 1132 674 1194; x_wconf 82' lang='lat' dir='ltr'><strong>scd</strong></span> <span class='ocrx_word' id='word_1_52' title='bbox 693 1135 723 1192; x_wconf 89' lang='lat' dir='ltr'><strong>in</strong></span> 
     </span>
     <span class='ocr_line' id='line_1_9' title="bbox 47 1217 628 1297; baseline 0.007 -21"><span class='ocrx_word' id='word_1_53' title='bbox 47 1219 130 1279; x_wconf 88' lang='lat' dir='ltr'><strong>meris</strong></span> <span class='ocrx_word' id='word_1_54' title='bbox 153 1217 298 1295; x_wconf 81' lang='lat' dir='ltr'><strong>scrupulis</strong></span> <span class='ocrx_word' id='word_1_55' title='bbox 320 1227 350 1280; x_wconf 91' lang='lat' dir='ltr'><strong>et</strong></span> <span class='ocrx_word' id='word_1_56' title='bbox 371 1217 469 1278; x_wconf 87' lang='lat' dir='ltr'><strong>nullus</strong></span> <span class='ocrx_word' id='word_1_57' title='bbox 491 1220 628 1297; x_wconf 77' lang='lat' dir='ltr'><strong>angulus.</strong></span> 
     </span>
    </p>

    <p class='ocr_par' dir='ltr' id='par_1_3' title="bbox 47 1304 723 1646">
     <span class='ocr_line' id='line_1_10' title="bbox 146 1304 723 1368; baseline 0.002 -3"><span class='ocrx_word' id='word_1_58' title='bbox 146 1304 265 1366; x_wconf 78' lang='lat' dir='ltr'><strong>Tabula</strong></span> <span class='ocrx_word' id='word_1_59' title='bbox 286 1305 510 1368; x_wconf 81' lang='lat' dir='ltr'><strong>differentiarum</strong></span> <span class='ocrx_word' id='word_1_60' title='bbox 533 1309 723 1368; x_wconf 85' lang='lat' dir='ltr'><strong>escensione·</strong></span> 
     </span>
     <span class='ocr_line' id='line_1_11' title="bbox 48 1390 722 1470; baseline 0.006 -20"><span class='ocrx_word' id='word_1_61' title='bbox 48 1390 125 1452; x_wconf 84' lang='lat' dir='ltr'><strong>lium</strong></span> <span class='ocrx_word' id='word_1_62' title='bbox 171 1391 218 1454; x_wconf 86' lang='lat' dir='ltr'><strong>su</strong></span> <span class='ocrx_word' id='word_1_63' title='bbox 239 1393 322 1452; x_wconf 91' lang='grc' dir='ltr'><strong>ΒΕΑ</strong></span> <span class='ocrx_word' id='word_1_64' title='bbox 334 1400 384 1463; x_wconf 70' lang='lat' dir='ltr'><strong>(tc.</strong></span> <span class='ocrx_word' id='word_1_65' title='bbox 399 1403 434 1462; x_wconf 84' lang='lat' dir='ltr'><strong>e.)</strong></span> <span class='ocrx_word' id='word_1_66' title='bbox 457 1405 613 1470; x_wconf 87' lang='lat' dir='ltr'><strong>aequatur,</strong></span> <span class='ocrx_word' id='word_1_67' title='bbox 643 1395 722 1454; x_wconf 75' lang='lat' dir='ltr'><strong>Aac</strong></span> 
     </span>
     <span class='ocr_line' id='line_1_12' title="bbox 47 1479 721 1555; baseline 0.012 -17"><span class='ocrx_word' id='word_1_68' title='bbox 47 1479 230 1555; x_wconf 85' lang='lat' dir='ltr'><strong>meridianos,</strong></span> <span class='ocrx_word' id='word_1_69' title='bbox 248 1481 325 1540; x_wconf 83' lang='grc' dir='ltr'><strong>ΕΒΕ</strong></span> <span class='ocrx_word' id='word_1_70' title='bbox 345 1480 474 1555; x_wconf 83' lang='lat' dir='ltr'><strong>horinon,</strong></span> <span class='ocrx_word' id='word_1_71' title='bbox 496 1481 551 1541; x_wconf 90' lang='lat' dir='ltr'><strong>DB</strong></span> <span class='ocrx_word' id='word_1_72' title='bbox 573 1481 721 1546; x_wconf 79' lang='lat' dir='ltr'><strong>zodiacus.</strong></span> 
     </span>
     <span class='ocr_line' id='line_1_13' title="bbox 48 1565 721 1646; baseline 0.006 -20"><span class='ocrx_word' id='word_1_73' title='bbox 48 1565 79 1626; x_wconf 88' lang='lat' dir='ltr'><strong>ln</strong></span> <span class='ocrx_word' id='word_1_74' title='bbox 94 1567 241 1646; x_wconf 86' lang='lat' dir='ltr'><strong>triangulo</strong></span> <span class='ocrx_word' id='word_1_75' title='bbox 257 1571 346 1645; x_wconf 78' lang='lat' dir='ltr'><strong>igitur</strong></span> <span class='ocrx_word' id='word_1_76' title='bbox 359 1569 439 1627; x_wconf 88' lang='grc' dir='ltr'><strong>ΑΒΕ</strong></span> <span class='ocrx_word' id='word_1_77' title='bbox 456 1577 501 1629; x_wconf 88' lang='lat' dir='ltr'><strong>est</strong></span> <span class='ocrx_word' id='word_1_78' title='bbox 516 1568 594 1632; x_wconf 93' lang='grc' dir='ltr'><strong>ΕΑΒ</strong></span> <span class='ocrx_word' id='word_1_79' title='bbox 614 1579 721 1644; x_wconf 90' lang='lat' dir='ltr'><strong>rectus,</strong></span> 
     </span>
    </p>

    <p class='ocr_par' dir='ltr' id='par_1_4' title="bbox 48 1652 1398 1910">
     <span class='ocr_line' id='line_1_14' title="bbox 48 1652 1398 1733; baseline -0.001 -19"><span class='ocrx_word' id='word_1_80' title='bbox 48 1655 98 1714; x_wconf 83' lang='lat' dir='ltr'><strong>AB</strong></span> <span class='ocrx_word' id='word_1_81' title='bbox 119 1659 243 1716; x_wconf 86' lang='lat' dir='ltr'><strong>sumitur</strong></span> <span class='ocrx_word' id='word_1_82' title='bbox 265 1658 295 1714; x_wconf 93' lang='lat' dir='ltr'><strong>in</strong></span> <span class='ocrx_word' id='word_1_83' title='bbox 318 1655 407 1716; x_wconf 81' lang='lat' dir='ltr'><strong>latere</strong></span> <span class='ocrx_word' id='word_1_84' title='bbox 430 1656 597 1716; x_wconf 81' lang='lat' dir='ltr'><strong>tabularum</strong></span> <span class='ocrx_word' id='word_1_85' title='bbox 619 1659 824 1718; x_wconf 77' lang='lat' dir='ltr'><strong>ascensionum</strong></span> <span class='ocrx_word' id='word_1_86' title='bbox 839 1661 983 1717; x_wconf 86' lang='lat' dir='ltr'><strong>rectarum</strong></span> <span class='ocrx_word' id='word_1_87' title='bbox 1005 1671 1057 1733; x_wconf 88' lang='lat' dir='ltr'><strong>per</strong></span> <span class='ocrx_word' id='word_1_88' title='bbox 1078 1655 1185 1733; x_wconf 73' lang='lat' dir='ltr'><strong>gradus</strong></span> <span class='ocrx_word' id='word_1_89' title='bbox 1209 1655 1336 1732; x_wconf 77' lang='lat' dir='ltr'><strong>integros</strong></span> <span class='ocrx_word' id='word_1_90' title='bbox 1359 1652 1398 1713; x_wconf 87' lang='lat' dir='ltr'><strong>ad</strong></span> 
     </span>
     <span class='ocr_line' id='line_1_15' title="bbox 49 1741 1395 1822; baseline -0.001 -20"><span class='ocrx_word' id='word_1_91' title='bbox 49 1747 104 1816; x_wconf 74' lang='lat'><strong>32,</strong></span> <span class='ocrx_word' id='word_1_92' title='bbox 127 1743 208 1802; x_wconf 90' lang='grc' dir='ltr'><strong>ΑΕΒ</strong></span> <span class='ocrx_word' id='word_1_93' title='bbox 240 1743 345 1820; x_wconf 87' lang='lat' dir='ltr'><strong>compl.</strong></span> <span class='ocrx_word' id='word_1_94' title='bbox 376 1745 405 1801; x_wconf 93' lang='lat' dir='ltr'><strong>in</strong></span> <span class='ocrx_word' id='word_1_95' title='bbox 435 1744 529 1806; x_wconf 79' lang='lat' dir='ltr'><strong>fronte</strong></span> <span class='ocrx_word' id='word_1_96' title='bbox 557 1763 609 1822; x_wconf 91' lang='lat' dir='ltr'><strong>per</strong></span> <span class='ocrx_word' id='word_1_97' title='bbox 631 1745 739 1818; x_wconf 66' lang='lat' dir='ltr'><strong>medus</strong></span> <span class='ocrx_word' id='word_1_98' title='bbox 762 1747 905 1820; x_wconf 81' lang='lat' dir='ltr'><strong>integros,</strong></span> <span class='ocrx_word' id='word_1_99' title='bbox 937 1743 991 1804; x_wconf 89' lang='grc' dir='ltr'><strong>ΕΑ</strong></span> <span class='ocrx_word' id='word_1_100' title='bbox 1014 1745 1044 1803; x_wconf 93' lang='lat' dir='ltr'><strong>in</strong></span> <span class='ocrx_word' id='word_1_101' title='bbox 1073 1759 1142 1804; x_wconf 69' lang='lat' dir='ltr'><strong>mea</strong></span> <span class='ocrx_word' id='word_1_102' title='bbox 1170 1757 1223 1820; x_wconf 80' lang='lat' dir='ltr'><strong>per</strong></span> <span class='ocrx_word' id='word_1_103' title='bbox 1250 1741 1395 1818; x_wconf 87' lang='lat' dir='ltr'><strong>scrupula.</strong></span> 
     </span>
     <span class='ocr_line' id='line_1_16' title="bbox 49 1828 1027 1910; baseline 0 -20"><span class='ocrx_word' id='word_1_104' title='bbox 49 1828 221 1906; x_wconf 79' lang='lat' dir='ltr'><strong>Quaerenda</strong></span> <span class='ocrx_word' id='word_1_105' title='bbox 242 1839 320 1892; x_wconf 89' lang='lat' dir='ltr'><strong>esset</strong></span> <span class='ocrx_word' id='word_1_106' title='bbox 340 1829 391 1890; x_wconf 89' lang='grc' dir='ltr'><strong>ΕΒ</strong></span> <span class='ocrx_word' id='word_1_107' title='bbox 415 1831 495 1890; x_wconf 87' lang='lat' dir='ltr'><strong>basis</strong></span> <span class='ocrx_word' id='word_1_108' title='bbox 517 1834 547 1892; x_wconf 90' lang='lat' dir='ltr'><strong>in</strong></span> <span class='ocrx_word' id='word_1_109' title='bbox 569 1833 713 1910; x_wconf 87' lang='lat' dir='ltr'><strong>scrupulis</strong></span> <span class='ocrx_word' id='word_1_110' title='bbox 738 1840 767 1892; x_wconf 90' lang='lat' dir='ltr'><strong>et</strong></span> <span class='ocrx_word' id='word_1_111' title='bbox 787 1831 868 1892; x_wconf 89' lang='grc' dir='ltr'><strong>ΕΒΑ</strong></span> <span class='ocrx_word' id='word_1_112' title='bbox 892 1830 1027 1908; x_wconf 79' lang='lat' dir='ltr'><strong>ungulus.</strong></span> 
     </span>
    </p>

    <p class='ocr_par' dir='ltr' id='par_1_5' title="bbox 48 1915 1397 2068">
     <span class='ocr_line' id='line_1_17' title="bbox 144 1915 1397 1998; baseline -0.001 -20"><span class='ocrx_word' id='word_1_113' title='bbox 144 1917 280 1979; x_wconf 83' lang='lat' dir='ltr'><strong>Tabulae</strong></span> <span class='ocrx_word' id='word_1_114' title='bbox 304 1917 517 1982; x_wconf 80' lang='lat' dir='ltr'><strong>Ascensionum</strong></span> <span class='ocrx_word' id='word_1_115' title='bbox 548 1919 622 1980; x_wconf 90' lang='lat' dir='ltr'><strong>nibil</strong></span> <span class='ocrx_word' id='word_1_116' title='bbox 645 1929 799 1998; x_wconf 81' lang='lat' dir='ltr'><strong>praeterea</strong></span> <span class='ocrx_word' id='word_1_117' title='bbox 829 1926 963 1998; x_wconf 80' lang='lat' dir='ltr'><strong>possunt.</strong></span> <span class='ocrx_word' id='word_1_118' title='bbox 1000 1915 1150 1981; x_wconf 86' lang='lat' dir='ltr'><strong>&#39;Videmur</strong></span> <span class='ocrx_word' id='word_1_119' title='bbox 1180 1916 1310 1994; x_wconf 78' lang='lat' dir='ltr'><strong>indigere</strong></span> <span class='ocrx_word' id='word_1_120' title='bbox 1331 1917 1397 1977; x_wconf 87' lang='lat' dir='ltr'><strong>sola</strong></span> 
     </span>
     <span class='ocr_line' id='line_1_18' title="bbox 48 2004 261 2068; baseline 0 -2"><span class='ocrx_word' id='word_1_121' title='bbox 48 2004 108 2066; x_wconf 79' lang='lat' dir='ltr'><strong>basi</strong></span> <span class='ocrx_word' id='word_1_122' title='bbox 129 2007 161 2066; x_wconf 81' lang='lat' dir='ltr'><strong>in</strong></span> <span class='ocrx_word' id='word_1_123' title='bbox 184 2023 261 2068; x_wconf 80' lang='lat' dir='ltr'><strong>eres.</strong></span> 
     </span>
    </p>

    <p class='ocr_par' dir='ltr' id='par_1_6' title="bbox 779 2094 1269 2172">
     <span class='ocr_line' id='line_1_19' title="bbox 779 2094 1269 2172; baseline -0.008 -17"><span class='ocrx_word' id='word_1_124' title='bbox 779 2095 881 2172; x_wconf 81' lang='lat' dir='ltr'><strong>(Anno</strong></span> <span class='ocrx_word' id='word_1_125' title='bbox 906 2101 999 2158; x_wconf 79' lang='lat'>1601.</span> <span class='ocrx_word' id='word_1_126' title='bbox 1039 2101 1090 2156; x_wconf 75' lang='lat'><strong>20.</strong></span> <span class='ocrx_word' id='word_1_127' title='bbox 1115 2094 1269 2170; x_wconf 76' lang='lat' dir='ltr'><strong>Augusti.)</strong></span> 
     </span>
    </p>

    <p class='ocr_par' dir='ltr' id='par_1_7' title="bbox 48 2179 1396 2346">
     <span class='ocr_line' id='line_1_20' title="bbox 147 2179 1396 2260; baseline -0.002 -20"><span class='ocrx_word' id='word_1_128' title='bbox 147 2179 263 2240; x_wconf 84' lang='lat' dir='ltr'><strong>Dentur</strong></span> <span class='ocrx_word' id='word_1_129' title='bbox 276 2179 370 2243; x_wconf 86' lang='lat' dir='ltr'><strong>latera</strong></span> <span class='ocrx_word' id='word_1_130' title='bbox 383 2183 449 2258; x_wconf 90' lang='grc' dir='ltr'><strong>ΑΒ,</strong></span> <span class='ocrx_word' id='word_1_131' title='bbox 473 2183 523 2243; x_wconf 85' lang='lat' dir='ltr'><strong>BC</strong></span> <span class='ocrx_word' id='word_1_132' title='bbox 539 2189 591 2253; x_wconf 73' lang='lat' dir='ltr'><strong>(fig.</strong></span> <span class='ocrx_word' id='word_1_133' title='bbox 609 2191 647 2256; x_wconf 80' lang='lat' dir='ltr'><strong>t),</strong></span> <span class='ocrx_word' id='word_1_134' title='bbox 671 2186 818 2260; x_wconf 86' lang='lat' dir='ltr'><strong>quaeritur</strong></span> <span class='ocrx_word' id='word_1_135' title='bbox 838 2185 920 2245; x_wconf 79' lang='lat' dir='ltr'><strong>basis</strong></span> <span class='ocrx_word' id='word_1_136' title='bbox 934 2183 995 2246; x_wconf 82' lang='grc' dir='ltr'><strong>ΑΒ.</strong></span> <span class='ocrx_word' id='word_1_137' title='bbox 1035 2184 1150 2260; x_wconf 74' lang='lat' dir='ltr'><strong>Quaere</strong></span> <span class='ocrx_word' id='word_1_138' title='bbox 1164 2181 1241 2241; x_wconf 88' lang='lat' dir='ltr'><strong>lctus</strong></span> <span class='ocrx_word' id='word_1_139' title='bbox 1257 2179 1351 2257; x_wconf 82' lang='lat' dir='ltr'><strong>majus</strong></span> <span class='ocrx_word' id='word_1_140' title='bbox 1367 2179 1396 2237; x_wconf 90' lang='lat' dir='ltr'><strong>in</strong></span> 
     </span>
     <span class='ocr_line' id='line_1_21' title="bbox 48 2267 887 2346; baseline 0.006 -18"><span class='ocrx_word' id='word_1_141' title='bbox 48 2267 145 2343; x_wconf 75' lang='lat' dir='ltr'><strong>boote,</strong></span> <span class='ocrx_word' id='word_1_142' title='bbox 169 2271 265 2330; x_wconf 87' lang='lat' dir='ltr'><strong>minus</strong></span> <span class='ocrx_word' id='word_1_143' title='bbox 287 2269 325 2330; x_wconf 78' lang='lat' dir='ltr'><strong>sc</strong></span> <span class='ocrx_word' id='word_1_144' title='bbox 347 2272 503 2346; x_wconf 80' lang='lat' dir='ltr'><strong>sinistram,</strong></span> <span class='ocrx_word' id='word_1_145' title='bbox 529 2271 679 2332; x_wconf 79' lang='lat' dir='ltr'><strong>exhibebit</strong></span> <span class='ocrx_word' id='word_1_146' title='bbox 701 2290 769 2332; x_wconf 88' lang='lat' dir='ltr'><strong>area</strong></span> <span class='ocrx_word' id='word_1_147' title='bbox 793 2273 887 2333; x_wconf 89' lang='lat' dir='ltr'><strong>basin.</strong></span> 
     </span>
    </p>

    <p class='ocr_par' dir='ltr' id='par_1_8' title="bbox 47 2354 1400 2608">
     <span class='ocr_line' id='line_1_22' title="bbox 146 2354 1397 2437; baseline 0 -22"><span class='ocrx_word' id='word_1_148' title='bbox 146 2355 242 2416; x_wconf 85' lang='lat' dir='ltr'><strong>Detur</strong></span> <span class='ocrx_word' id='word_1_149' title='bbox 257 2357 337 2424; x_wconf 85' lang='lat' dir='ltr'><strong>basis</strong></span> <span class='ocrx_word' id='word_1_150' title='bbox 353 2375 419 2418; x_wconf 89' lang='lat' dir='ltr'><strong>cum</strong></span> <span class='ocrx_word' id='word_1_151' title='bbox 434 2358 574 2419; x_wconf 87' lang='lat' dir='ltr'><strong>alterutro</strong></span> <span class='ocrx_word' id='word_1_152' title='bbox 589 2358 691 2434; x_wconf 87' lang='lat' dir='ltr'><strong>latere,</strong></span> <span class='ocrx_word' id='word_1_153' title='bbox 714 2368 747 2420; x_wconf 89' lang='lat' dir='ltr'><strong>ut</strong></span> <span class='ocrx_word' id='word_1_154' title='bbox 764 2359 815 2420; x_wconf 79' lang='lat' dir='ltr'><strong>AG</strong></span> <span class='ocrx_word' id='word_1_155' title='bbox 830 2377 894 2420; x_wconf 91' lang='lat' dir='ltr'><strong>cum</strong></span> <span class='ocrx_word' id='word_1_156' title='bbox 911 2359 971 2434; x_wconf 84' lang='lat' dir='ltr'><strong>Bu,</strong></span> <span class='ocrx_word' id='word_1_157' title='bbox 995 2359 1145 2437; x_wconf 83' lang='lat' dir='ltr'><strong>quaeritur</strong></span> <span class='ocrx_word' id='word_1_158' title='bbox 1159 2356 1248 2417; x_wconf 78' lang='lat' dir='ltr'><strong>letos.</strong></span> <span class='ocrx_word' id='word_1_159' title='bbox 1283 2354 1397 2432; x_wconf 86' lang='lat' dir='ltr'><strong>Quaere</strong></span> 
     </span>
     <span class='ocr_line' id='line_1_23' title="bbox 49 2441 1400 2524; baseline 0 -22"><span class='ocrx_word' id='word_1_160' title='bbox 49 2441 128 2504; x_wconf 85' lang='lat' dir='ltr'><strong>basin</strong></span> <span class='ocrx_word' id='word_1_161' title='bbox 158 2446 188 2502; x_wconf 92' lang='lat' dir='ltr'><strong>in</strong></span> <span class='ocrx_word' id='word_1_162' title='bbox 219 2461 304 2520; x_wconf 90' lang='lat' dir='ltr'><strong>area,</strong></span> <span class='ocrx_word' id='word_1_163' title='bbox 335 2445 412 2506; x_wconf 87' lang='lat' dir='ltr'><strong>lctus</strong></span> <span class='ocrx_word' id='word_1_164' title='bbox 435 2448 465 2505; x_wconf 94' lang='lat' dir='ltr'><strong>in</strong></span> <span class='ocrx_word' id='word_1_165' title='bbox 496 2447 591 2507; x_wconf 80' lang='lat' dir='ltr'><strong>fronte</strong></span> <span class='ocrx_word' id='word_1_166' title='bbox 614 2447 663 2509; x_wconf 83' lang='lat' dir='ltr'><strong>rel</strong></span> <span class='ocrx_word' id='word_1_167' title='bbox 684 2449 816 2524; x_wconf 82' lang='lat' dir='ltr'><strong>sinistre,</strong></span> <span class='ocrx_word' id='word_1_168' title='bbox 847 2448 997 2510; x_wconf 81' lang='lat' dir='ltr'><strong>exhibebit</strong></span> <span class='ocrx_word' id='word_1_169' title='bbox 1024 2448 1078 2508; x_wconf 88' lang='lat' dir='ltr'><strong>tibi</strong></span> <span class='ocrx_word' id='word_1_170' title='bbox 1104 2445 1223 2506; x_wconf 82' lang='lat' dir='ltr'><strong>residua</strong></span> <span class='ocrx_word' id='word_1_171' title='bbox 1249 2445 1328 2505; x_wconf 83' lang='lat' dir='ltr'><strong>irone</strong></span> <span class='ocrx_word' id='word_1_172' title='bbox 1352 2441 1400 2504; x_wconf 84' lang='lat' dir='ltr'><strong>vel</strong></span> 
     </span>
     <span class='ocr_line' id='line_1_24' title="bbox 47 2531 461 2608; baseline 0.014 -18"><span class='ocrx_word' id='word_1_173' title='bbox 47 2531 161 2592; x_wconf 82' lang='lat' dir='ltr'><strong>sinistre</strong></span> <span class='ocrx_word' id='word_1_174' title='bbox 184 2534 350 2608; x_wconf 77' lang='lat' dir='ltr'><strong>quaesitum</strong></span> <span class='ocrx_word' id='word_1_175' title='bbox 372 2533 461 2596; x_wconf 80' lang='lat' dir='ltr'><strong>latus.</strong></span> 
     </span>
    </p>

    <p class='ocr_par' dir='ltr' id='par_1_9' title="bbox 145 2614 1095 2696">
     <span class='ocr_line' id='line_1_25' title="bbox 145 2614 1095 2696; baseline 0.002 -17"><span class='ocrx_word' id='word_1_176' title='bbox 145 2615 218 2679; x_wconf 85' lang='lat' dir='ltr'><strong>Jam</strong></span> <span class='ocrx_word' id='word_1_177' title='bbox 246 2618 350 2681; x_wconf 82' lang='lat' dir='ltr'><strong>(lentur</strong></span> <span class='ocrx_word' id='word_1_178' title='bbox 384 2620 478 2681; x_wconf 89' lang='lat' dir='ltr'><strong>latera</strong></span> <span class='ocrx_word' id='word_1_179' title='bbox 507 2621 574 2694; x_wconf 90' lang='grc' dir='ltr'><strong>ΑΒ,</strong></span> <span class='ocrx_word' id='word_1_180' title='bbox 609 2619 670 2696; x_wconf 78' lang='grc' dir='ltr'><strong>ΒΟ,</strong></span> <span class='ocrx_word' id='word_1_181' title='bbox 1011 2614 1095 2670; x_wconf 64' lang='lat' dir='ltr'><strong>w·</strong></span> 
     </span>
    </p>

    <p class='ocr_par' dir='ltr' id='par_1_10' title="bbox 3 2706 674 3486">
     <span class='ocr_line' id='line_1_26' title="bbox 3 2706 671 2786; baseline 0.006 -21"><span class='ocrx_word' id='word_1_182' title='bbox 3 2707 5 2716; x_wconf 75' lang='lat'>‘</span> <span class='ocrx_word' id='word_1_183' title='bbox 49 2709 193 2782; x_wconf 80' lang='lat' dir='ltr'><strong>quaeritur</strong></span> <span class='ocrx_word' id='word_1_184' title='bbox 205 2708 428 2785; x_wconf 78' lang='lat' dir='ltr'><strong>errgnlusBAG.</strong></span> <span class='ocrx_word' id='word_1_185' title='bbox 452 2706 567 2783; x_wconf 87' lang='lat' dir='ltr'><strong>Quaere</strong></span> <span class='ocrx_word' id='word_1_186' title='bbox 577 2711 671 2786; x_wconf 90' lang='lat' dir='ltr'><strong>prime</strong></span> 
     </span>
     <span class='ocr_line' id='line_1_27' title="bbox 48 2793 671 2872; baseline 0.003 -18"><span class='ocrx_word' id='word_1_187' title='bbox 48 2793 127 2854; x_wconf 86' lang='lat' dir='ltr'><strong>basin</strong></span> <span class='ocrx_word' id='word_1_188' title='bbox 159 2794 231 2869; x_wconf 82' lang='lat' dir='ltr'><strong>Au,</strong></span> <span class='ocrx_word' id='word_1_189' title='bbox 264 2804 295 2856; x_wconf 89' lang='lat' dir='ltr'><strong>ut</strong></span> <span class='ocrx_word' id='word_1_190' title='bbox 324 2798 405 2872; x_wconf 87' lang='lat' dir='ltr'><strong>prius</strong></span> <span class='ocrx_word' id='word_1_191' title='bbox 433 2794 554 2858; x_wconf 82' lang='lat' dir='ltr'><strong>dietum.</strong></span> <span class='ocrx_word' id='word_1_192' title='bbox 598 2796 671 2856; x_wconf 85' lang='lat' dir='ltr'><strong>Inde</strong></span> 
     </span>
     <span class='ocr_line' id='line_1_28' title="bbox 50 2880 673 2960; baseline 0.002 -19"><span class='ocrx_word' id='word_1_193' title='bbox 50 2880 290 2959; x_wconf 88' lang='lat' dir='ltr'><strong>complementum</strong></span> <span class='ocrx_word' id='word_1_194' title='bbox 312 2882 413 2944; x_wconf 89' lang='lat' dir='ltr'><strong>lateris</strong></span> <span class='ocrx_word' id='word_1_195' title='bbox 434 2881 500 2957; x_wconf 83' lang='lat' dir='ltr'><strong>BC,</strong></span> <span class='ocrx_word' id='word_1_196' title='bbox 525 2882 603 2960; x_wconf 80' lang='lat' dir='ltr'><strong>quod</strong></span> <span class='ocrx_word' id='word_1_197' title='bbox 627 2890 673 2944; x_wconf 87' lang='lat' dir='ltr'><strong>est</strong></span> 
     </span>
     <span class='ocr_line' id='line_1_29' title="bbox 49 2969 671 3048; baseline 0.002 -19"><span class='ocrx_word' id='word_1_198' title='bbox 49 2972 213 3046; x_wconf 87' lang='lat' dir='ltr'><strong>oppositum</strong></span> <span class='ocrx_word' id='word_1_199' title='bbox 235 2969 344 3048; x_wconf 74' lang='lat' dir='ltr'><strong>ungulo</strong></span> <span class='ocrx_word' id='word_1_200' title='bbox 367 2971 518 3048; x_wconf 78' lang='lat' dir='ltr'><strong>quaesito,</strong></span> <span class='ocrx_word' id='word_1_201' title='bbox 541 2987 583 3030; x_wconf 88' lang='lat' dir='ltr'><strong>sc.</strong></span> <span class='ocrx_word' id='word_1_202' title='bbox 607 2969 671 3046; x_wconf 80' lang='grc' dir='ltr'><strong>ΒΒ,</strong></span> 
     </span>
     <span class='ocr_line' id='line_1_30' title="bbox 50 3057 672 3135; baseline 0.006 -21"><span class='ocrx_word' id='word_1_203' title='bbox 50 3073 151 3132; x_wconf 85' lang='lat' dir='ltr'><strong>quaere</strong></span> <span class='ocrx_word' id='word_1_204' title='bbox 182 3061 212 3116; x_wconf 91' lang='lat' dir='ltr'><strong>in</strong></span> <span class='ocrx_word' id='word_1_205' title='bbox 240 3075 317 3119; x_wconf 87' lang='lat' dir='ltr'><strong>area.</strong></span> <span class='ocrx_word' id='word_1_206' title='bbox 363 3059 401 3118; x_wconf 90' lang='lat' dir='ltr'><strong>Et</strong></span> <span class='ocrx_word' id='word_1_207' title='bbox 428 3057 672 3135; x_wconf 83' lang='lat' dir='ltr'><strong>complementum</strong></span> 
     </span>
     <span class='ocr_line' id='line_1_31' title="bbox 48 3141 673 3222; baseline 0 -18"><span class='ocrx_word' id='word_1_208' title='bbox 48 3141 105 3218; x_wconf 81' lang='lat' dir='ltr'><strong>tc,</strong></span> <span class='ocrx_word' id='word_1_209' title='bbox 127 3162 170 3208; x_wconf 91' lang='lat' dir='ltr'><strong>sc.</strong></span> <span class='ocrx_word' id='word_1_210' title='bbox 184 3145 245 3219; x_wconf 79' lang='grc' dir='ltr'><strong>ΟΕ,</strong></span> <span class='ocrx_word' id='word_1_211' title='bbox 269 3161 376 3222; x_wconf 84' lang='lat' dir='ltr'><strong>quaere</strong></span> <span class='ocrx_word' id='word_1_212' title='bbox 398 3149 428 3205; x_wconf 84' lang='lat' dir='ltr'><strong>in</strong></span> <span class='ocrx_word' id='word_1_213' title='bbox 450 3147 544 3206; x_wconf 81' lang='lat' dir='ltr'><strong>trente</strong></span> <span class='ocrx_word' id='word_1_214' title='bbox 567 3145 615 3206; x_wconf 85' lang='lat' dir='ltr'><strong>sel</strong></span> <span class='ocrx_word' id='word_1_215' title='bbox 630 3147 673 3206; x_wconf 90' lang='lat' dir='ltr'><strong>si-</strong></span> 
     </span>
     <span class='ocr_line' id='line_1_32' title="bbox 3 3231 674 3296; baseline -0.006 0"><span class='ocrx_word' id='word_1_216' title='bbox 3 3291 5 3296; x_wconf 68' lang='lat'>,</span> <span class='ocrx_word' id='word_1_217' title='bbox 49 3234 136 3293; x_wconf 80' lang='lat' dir='ltr'><strong>sistra</strong></span> <span class='ocrx_word' id='word_1_218' title='bbox 163 3240 195 3294; x_wconf 89' lang='lat' dir='ltr'><strong>et</strong></span> <span class='ocrx_word' id='word_1_219' title='bbox 220 3233 370 3296; x_wconf 85' lang='lat' dir='ltr'><strong>exhibebit</strong></span> <span class='ocrx_word' id='word_1_220' title='bbox 397 3234 450 3294; x_wconf 90' lang='lat' dir='ltr'><strong>tibi</strong></span> <span class='ocrx_word' id='word_1_221' title='bbox 480 3231 598 3293; x_wconf 84' lang='lat' dir='ltr'><strong>residua</strong></span> <span class='ocrx_word' id='word_1_222' title='bbox 625 3232 674 3292; x_wconf 84' lang='lat' dir='ltr'><strong>rel</strong></span> 
     </span>
     <span class='ocr_line' id='line_1_33' title="bbox 50 3317 674 3398; baseline 0.003 -22"><span class='ocrx_word' id='word_1_223' title='bbox 50 3317 123 3378; x_wconf 90' lang='lat' dir='ltr'><strong>lrons</strong></span> <span class='ocrx_word' id='word_1_224' title='bbox 143 3319 192 3380; x_wconf 85' lang='lat' dir='ltr'><strong>vel</strong></span> <span class='ocrx_word' id='word_1_225' title='bbox 210 3323 327 3381; x_wconf 91' lang='lat' dir='ltr'><strong>sinistra</strong></span> <span class='ocrx_word' id='word_1_226' title='bbox 341 3321 405 3395; x_wconf 89' lang='grc' dir='ltr'><strong>ΕΒ,</strong></span> <span class='ocrx_word' id='word_1_227' title='bbox 429 3321 674 3398; x_wconf 85' lang='lat' dir='ltr'><strong>complementum</strong></span> 
     </span>
     <span class='ocr_line' id='line_1_34' title="bbox 49 3406 515 3486; baseline 0.009 -20"><span class='ocrx_word' id='word_1_228' title='bbox 49 3406 86 3466; x_wconf 80' lang='lat' dir='ltr'><strong>sd</strong></span> <span class='ocrx_word' id='word_1_229' title='bbox 106 3407 156 3468; x_wconf 85' lang='grc' dir='ltr'><strong>ΕΕ</strong></span> <span class='ocrx_word' id='word_1_230' title='bbox 178 3409 318 3485; x_wconf 79' lang='lat' dir='ltr'><strong>ungulum</strong></span> <span class='ocrx_word' id='word_1_231' title='bbox 341 3411 515 3486; x_wconf 87' lang='lat' dir='ltr'><strong>quaesitum.</strong></span> 
     </span>
    </p>

    <p class='ocr_par' dir='ltr' id='par_1_11' title="bbox 3 3493 871 3924">
     <span class='ocr_line' id='line_1_35' title="bbox 148 3493 675 3574; baseline -0.002 -19"><span class='ocrx_word' id='word_1_232' title='bbox 148 3493 181 3555; x_wconf 88' lang='lat' dir='ltr'><strong>Si</strong></span> <span class='ocrx_word' id='word_1_233' title='bbox 206 3501 355 3572; x_wconf 82' lang='lat' dir='ltr'><strong>quaeritur</strong></span> <span class='ocrx_word' id='word_1_234' title='bbox 375 3497 465 3570; x_wconf 84' lang='lat' dir='ltr'>BOA,</span> <span class='ocrx_word' id='word_1_235' title='bbox 493 3512 601 3574; x_wconf 89' lang='lat' dir='ltr'><strong>quaere</strong></span> <span class='ocrx_word' id='word_1_236' title='bbox 622 3493 675 3554; x_wconf 82' lang='lat' dir='ltr'><strong>Ac</strong></span> 
     </span>
     <span class='ocr_line' id='line_1_36' title="bbox 3 3583 676 3661; baseline -0.009 -14"><span class='ocrx_word' id='word_1_237' title='bbox 3 3583 4 3588; x_wconf 73' lang='grc'>’</span> <span class='ocrx_word' id='word_1_238' title='bbox 51 3583 161 3657; x_wconf 81' lang='lat' dir='ltr'><strong>elejnt</strong></span> <span class='ocrx_word' id='word_1_239' title='bbox 185 3584 430 3661; x_wconf 88' lang='lat' dir='ltr'><strong>complementum</strong></span> <span class='ocrx_word' id='word_1_240' title='bbox 451 3583 507 3646; x_wconf 83' lang='grc' dir='ltr'><strong>ΑΗ</strong></span> <span class='ocrx_word' id='word_1_241' title='bbox 529 3586 558 3641; x_wconf 88' lang='lat' dir='ltr'><strong>in</strong></span> <span class='ocrx_word' id='word_1_242' title='bbox 581 3583 676 3642; x_wconf 79' lang='lat' dir='ltr'><strong>fronte</strong></span> 
     </span>
     <span class='ocr_line' id='line_1_37' title="bbox 50 3670 677 3748; baseline 0.002 -21"><span class='ocrx_word' id='word_1_243' title='bbox 50 3677 76 3727; x_wconf 89' lang='lat' dir='ltr'><strong>et</strong></span> <span class='ocrx_word' id='word_1_244' title='bbox 96 3672 224 3733; x_wconf 80' lang='lat' dir='ltr'><strong>sinistre.</strong></span> <span class='ocrx_word' id='word_1_245' title='bbox 253 3671 329 3731; x_wconf 82' lang='lat' dir='ltr'><strong>Turn</strong></span> <span class='ocrx_word' id='word_1_246' title='bbox 352 3671 597 3748; x_wconf 89' lang='lat' dir='ltr'><strong>complementum</strong></span> <span class='ocrx_word' id='word_1_247' title='bbox 612 3670 677 3744; x_wconf 89' lang='grc' dir='ltr'><strong>ΒΑ,</strong></span> 
     </span>
     <span class='ocr_line' id='line_1_38' title="bbox 49 3756 678 3835; baseline 0.006 -21"><span class='ocrx_word' id='word_1_248' title='bbox 49 3756 122 3832; x_wconf 80' lang='lat' dir='ltr'><strong>qnod</strong></span> <span class='ocrx_word' id='word_1_249' title='bbox 139 3766 185 3818; x_wconf 86' lang='lat' dir='ltr'><strong>aet</strong></span> <span class='ocrx_word' id='word_1_250' title='bbox 200 3757 254 3832; x_wconf 89' lang='grc' dir='ltr'><strong>ΙΑ,</strong></span> <span class='ocrx_word' id='word_1_251' title='bbox 270 3761 299 3818; x_wconf 90' lang='lat' dir='ltr'><strong>itt</strong></span> <span class='ocrx_word' id='word_1_252' title='bbox 316 3775 393 3833; x_wconf 83' lang='lat' dir='ltr'><strong>ures,</strong></span> <span class='ocrx_word' id='word_1_253' title='bbox 411 3762 523 3835; x_wconf 86' lang='lat' dir='ltr'><strong>eritque</strong></span> <span class='ocrx_word' id='word_1_254' title='bbox 537 3759 568 3817; x_wconf 93' lang='lat' dir='ltr'><strong>in</strong></span> <span class='ocrx_word' id='word_1_255' title='bbox 583 3758 678 3818; x_wconf 78' lang='lat' dir='ltr'><strong>bento</strong></span> 
     </span>
     <span class='ocr_line' id='line_1_39' title="bbox 49 3841 871 3924; baseline -0.005 -22"><span class='ocrx_word' id='word_1_256' title='bbox 49 3851 76 3902; x_wconf 90' lang='lat' dir='ltr'><strong>et</strong></span> <span class='ocrx_word' id='word_1_257' title='bbox 94 3847 214 3908; x_wconf 70' lang='lat' dir='ltr'><strong>euenire</strong></span> <span class='ocrx_word' id='word_1_258' title='bbox 234 3845 290 3921; x_wconf 73' lang='lat'><strong>111,</strong></span> <span class='ocrx_word' id='word_1_259' title='bbox 314 3847 558 3924; x_wconf 88' lang='lat' dir='ltr'><strong>complementum</strong></span> <span class='ocrx_word' id='word_1_260' title='bbox 580 3844 618 3906; x_wconf 87' lang='lat' dir='ltr'><strong>sd</strong></span> <span class='ocrx_word' id='word_1_261' title='bbox 639 3841 700 3908; x_wconf 76' lang='lat' dir='ltr'><strong>ite</strong></span> <span class='ocrx_word' id='word_1_262' title='bbox 722 3841 871 3920; x_wconf 78' lang='lat' dir='ltr'><strong>angulum.</strong></span> 
     </span>
    </p>

    <p class='ocr_par' dir='ltr' id='par_1_12' title="bbox 48 3911 1397 4106">
     <span class='ocr_line' id='line_1_40' title="bbox 149 3911 1397 4014; baseline -0.018 -22"><span class='ocrx_word' id='word_1_263' title='bbox 149 3932 248 3993; x_wconf 90' lang='lat' dir='ltr'><strong>Detur</strong></span> <span class='ocrx_word' id='word_1_264' title='bbox 269 3935 349 3994; x_wconf 79' lang='lat' dir='ltr'><strong>basis</strong></span> <span class='ocrx_word' id='word_1_265' title='bbox 372 3952 438 3994; x_wconf 91' lang='lat' dir='ltr'><strong>cnm</strong></span> <span class='ocrx_word' id='word_1_266' title='bbox 460 3935 560 4008; x_wconf 88' lang='lat' dir='ltr'><strong>lutere,</strong></span> <span class='ocrx_word' id='word_1_267' title='bbox 585 3935 734 4010; x_wconf 87' lang='lat' dir='ltr'><strong>quaeritur</strong></span> <span class='ocrx_word' id='word_1_268' title='bbox 748 3931 901 4007; x_wconf 77' lang='lat' dir='ltr'><strong>oppositus</strong></span> <span class='ocrx_word' id='word_1_269' title='bbox 916 3923 1010 3985; x_wconf 90' lang='lat' dir='ltr'><strong>lateri.</strong></span> <span class='ocrx_word' id='word_1_270' title='bbox 1049 3915 1090 3982; x_wconf 89' lang='lat' dir='ltr'><strong>Ut</strong></span> <span class='ocrx_word' id='word_1_271' title='bbox 1106 3936 1140 3978; x_wconf 88' lang='lat' dir='ltr'><strong>ex</strong></span> <span class='ocrx_word' id='word_1_272' title='bbox 1157 3913 1217 3991; x_wconf 82' lang='lat' dir='ltr'><strong>tte,</strong></span> <span class='ocrx_word' id='word_1_273' title='bbox 1237 3911 1287 3974; x_wconf 86' lang='lat' dir='ltr'><strong>CB</strong></span> <span class='ocrx_word' id='word_1_274' title='bbox 1303 3927 1397 4014; x_wconf 74' lang='lat' dir='ltr'><strong>quee-</strong></span> 
     </span>
     <span class='ocr_line' id='line_1_41' title="bbox 48 3999 1397 4106; baseline -0.015 -28"><span class='ocrx_word' id='word_1_275' title='bbox 48 4015 115 4078; x_wconf 84' lang='lat' dir='ltr'><strong>ritor</strong></span> <span class='ocrx_word' id='word_1_276' title='bbox 134 4019 227 4082; x_wconf 81' lang='lat' dir='ltr'><strong>BAC.</strong></span> <span class='ocrx_word' id='word_1_277' title='bbox 273 4023 351 4098; x_wconf 79' lang='lat' dir='ltr'><strong>Ergo</strong></span> <span class='ocrx_word' id='word_1_278' title='bbox 374 4021 619 4099; x_wconf 78' lang='lat' dir='ltr'><strong>complementum</strong></span> <span class='ocrx_word' id='word_1_279' title='bbox 649 4019 749 4080; x_wconf 88' lang='lat' dir='ltr'><strong>lateris</strong></span> <span class='ocrx_word' id='word_1_280' title='bbox 772 4017 821 4077; x_wconf 87' lang='lat' dir='ltr'><strong>CB</strong></span> <span class='ocrx_word' id='word_1_281' title='bbox 845 4015 920 4088; x_wconf 85' lang='lat' dir='ltr'><strong>dati,</strong></span> <span class='ocrx_word' id='word_1_282' title='bbox 950 4009 1029 4088; x_wconf 86' lang='lat' dir='ltr'><strong>qnod</strong></span> <span class='ocrx_word' id='word_1_283' title='bbox 1059 4014 1104 4068; x_wconf 89' lang='lat' dir='ltr'><strong>est</strong></span> <span class='ocrx_word' id='word_1_284' title='bbox 1127 3999 1200 4077; x_wconf 81' lang='lat' dir='ltr'><strong>OD,</strong></span> <span class='ocrx_word' id='word_1_285' title='bbox 1229 4017 1336 4106; x_wconf 65' lang='lat' dir='ltr'><strong>putrere</strong></span> <span class='ocrx_word' id='word_1_286' title='bbox 1366 4014 1397 4056; x_wconf 88' lang='lat' dir='ltr'><strong>ru</strong></span> 
     </span>
    </p>

    <p class='ocr_par' dir='ltr' id='par_1_13' title="bbox 3 4087 1463 4275">
     <span class='ocr_line' id='line_1_42' title="bbox 48 4087 1397 4187; baseline -0.016 -21"><span class='ocrx_word' id='word_1_287' title='bbox 48 4123 119 4168; x_wconf 81' lang='lat' dir='ltr'><strong>eree.</strong></span> <span class='ocrx_word' id='word_1_288' title='bbox 174 4108 213 4169; x_wconf 82' lang='lat' dir='ltr'><strong>Et</strong></span> <span class='ocrx_word' id='word_1_289' title='bbox 234 4109 488 4187; x_wconf 75' lang='lat' dir='ltr'><strong>complementum</strong></span> <span class='ocrx_word' id='word_1_290' title='bbox 517 4109 597 4170; x_wconf 89' lang='lat' dir='ltr'><strong>basis</strong></span> <span class='ocrx_word' id='word_1_291' title='bbox 627 4107 676 4168; x_wconf 79' lang='lat' dir='ltr'><strong>OD</strong></span> <span class='ocrx_word' id='word_1_292' title='bbox 706 4122 813 4183; x_wconf 78' lang='lat' dir='ltr'><strong>quaere</strong></span> <span class='ocrx_word' id='word_1_293' title='bbox 840 4105 871 4162; x_wconf 93' lang='lat' dir='ltr'><strong>in</strong></span> <span class='ocrx_word' id='word_1_294' title='bbox 900 4102 1044 4178; x_wconf 83' lang='lat' dir='ltr'><strong>margine,</strong></span> <span class='ocrx_word' id='word_1_295' title='bbox 1069 4095 1205 4154; x_wconf 80' lang='lat' dir='ltr'><strong>offeretur</strong></span> <span class='ocrx_word' id='word_1_296' title='bbox 1232 4107 1261 4148; x_wconf 89' lang='grc' dir='ltr'><strong>ιιι</strong></span> <span class='ocrx_word' id='word_1_297' title='bbox 1282 4087 1397 4164; x_wconf 89' lang='lat' dir='ltr'><strong>requuo</strong></span> 
     </span>
     <span class='ocr_line' id='line_1_43' title="bbox 3 4187 1463 4275; baseline -0.002 -21"><span class='ocrx_word' id='word_1_298' title='bbox 3 4187 4 4190; x_wconf 47' lang='lat'>&#39;</span> <span class='ocrx_word' id='word_1_299' title='bbox 48 4195 171 4273; x_wconf 75' lang='lat' dir='ltr'><strong>margine</strong></span> <span class='ocrx_word' id='word_1_300' title='bbox 193 4196 258 4270; x_wconf 88' lang='grc' dir='ltr'><strong>ΕΒ,</strong></span> <span class='ocrx_word' id='word_1_301' title='bbox 282 4196 527 4275; x_wconf 88' lang='lat' dir='ltr'><strong>complementum</strong></span> <span class='ocrx_word' id='word_1_302' title='bbox 549 4193 586 4254; x_wconf 88' lang='lat' dir='ltr'><strong>ad</strong></span> <span class='ocrx_word' id='word_1_303' title='bbox 610 4195 659 4254; x_wconf 87' lang='grc' dir='ltr'><strong>ΕΕ</strong></span> <span class='ocrx_word' id='word_1_304' title='bbox 683 4193 859 4270; x_wconf 84' lang='lat' dir='ltr'><strong>quaesitum.</strong></span> <span class='ocrx_word' id='word_1_305' title='bbox 1461 4231 1463 4236; x_wconf 92' lang='lat'>-</span> 
     </span>
    </p>

    <p class='ocr_par' dir='ltr' id='par_1_14' title="bbox 49 4261 1398 4537">
     <span class='ocr_line' id='line_1_44' title="bbox 145 4261 1397 4366; baseline -0.022 -22"><span class='ocrx_word' id='word_1_306' title='bbox 145 4283 179 4344; x_wconf 81' lang='lat' dir='ltr'><strong>Si</strong></span> <span class='ocrx_word' id='word_1_307' title='bbox 202 4285 282 4344; x_wconf 79' lang='grc' dir='ltr'><strong>ΕΒΑ</strong></span> <span class='ocrx_word' id='word_1_308' title='bbox 305 4288 455 4362; x_wconf 87' lang='lat' dir='ltr'><strong>quaeritur</strong></span> <span class='ocrx_word' id='word_1_309' title='bbox 477 4303 513 4346; x_wconf 87' lang='lat' dir='ltr'><strong>ex</strong></span> <span class='ocrx_word' id='word_1_310' title='bbox 537 4283 601 4344; x_wconf 91' lang='lat' dir='ltr'><strong>basi</strong></span> <span class='ocrx_word' id='word_1_311' title='bbox 623 4281 675 4341; x_wconf 84' lang='lat' dir='ltr'><strong>AC</strong></span> <span class='ocrx_word' id='word_1_312' title='bbox 697 4290 728 4343; x_wconf 89' lang='lat' dir='ltr'><strong>et</strong></span> <span class='ocrx_word' id='word_1_313' title='bbox 749 4281 841 4341; x_wconf 89' lang='lat' dir='ltr'><strong>latere</strong></span> <span class='ocrx_word' id='word_1_314' title='bbox 864 4276 929 4350; x_wconf 82' lang='lat' dir='ltr'><strong>AB,</strong></span> <span class='ocrx_word' id='word_1_315' title='bbox 951 4289 1060 4352; x_wconf 85' lang='lat' dir='ltr'><strong>quaere</strong></span> <span class='ocrx_word' id='word_1_316' title='bbox 1083 4286 1152 4348; x_wconf 76' lang='lat' dir='ltr'><strong>crgo</strong></span> <span class='ocrx_word' id='word_1_317' title='bbox 1176 4265 1243 4342; x_wconf 88' lang='grc' dir='ltr'><strong>ΑΗ,</strong></span> <span class='ocrx_word' id='word_1_318' title='bbox 1266 4261 1397 4366; x_wconf 75' lang='lat' dir='ltr'><strong>compie-</strong></span> 
     </span>
     <span class='ocr_line' id='line_1_45' title="bbox 49 4348 1398 4447; baseline -0.01 -19"><span class='ocrx_word' id='word_1_319' title='bbox 49 4376 172 4430; x_wconf 89' lang='lat' dir='ltr'><strong>mentum</strong></span> <span class='ocrx_word' id='word_1_320' title='bbox 197 4370 251 4431; x_wconf 86' lang='lat' dir='ltr'><strong>Ao</strong></span> <span class='ocrx_word' id='word_1_321' title='bbox 273 4373 302 4430; x_wconf 93' lang='lat' dir='ltr'><strong>in</strong></span> <span class='ocrx_word' id='word_1_322' title='bbox 325 4375 473 4446; x_wconf 77' lang='lat' dir='ltr'><strong>margine,</strong></span> <span class='ocrx_word' id='word_1_323' title='bbox 505 4378 534 4430; x_wconf 91' lang='lat' dir='ltr'><strong>et</strong></span> <span class='ocrx_word' id='word_1_324' title='bbox 556 4369 609 4444; x_wconf 87' lang='grc' dir='ltr'><strong>ΑΙ,</strong></span> <span class='ocrx_word' id='word_1_325' title='bbox 633 4369 879 4447; x_wconf 86' lang='lat' dir='ltr'><strong>complementum</strong></span> <span class='ocrx_word' id='word_1_326' title='bbox 898 4363 963 4437; x_wconf 92' lang='grc' dir='ltr'><strong>ΑΒ,</strong></span> <span class='ocrx_word' id='word_1_327' title='bbox 986 4377 1093 4439; x_wconf 87' lang='lat' dir='ltr'><strong>quaere</strong></span> <span class='ocrx_word' id='word_1_328' title='bbox 1116 4361 1145 4416; x_wconf 93' lang='lat' dir='ltr'><strong>in</strong></span> <span class='ocrx_word' id='word_1_329' title='bbox 1168 4372 1246 4428; x_wconf 89' lang='lat' dir='ltr'><strong>area,</strong></span> <span class='ocrx_word' id='word_1_330' title='bbox 1267 4348 1398 4428; x_wconf 75' lang='lat' dir='ltr'><strong>prodibit</strong></span> 
     </span>
     <span class='ocr_line' id='line_1_46' title="bbox 49 4447 1224 4537; baseline -0.006 -23"><span class='ocrx_word' id='word_1_331' title='bbox 49 4456 77 4514; x_wconf 85' lang='lat' dir='ltr'><strong>in</strong></span> <span class='ocrx_word' id='word_1_332' title='bbox 94 4457 212 4536; x_wconf 87' lang='lat' dir='ltr'><strong>reliquo</strong></span> <span class='ocrx_word' id='word_1_333' title='bbox 236 4462 367 4537; x_wconf 78' lang='lat' dir='ltr'><strong>margine</strong></span> <span class='ocrx_word' id='word_1_334' title='bbox 389 4459 444 4535; x_wconf 85' lang='grc' dir='ltr'><strong>ΕΙ,</strong></span> <span class='ocrx_word' id='word_1_335' title='bbox 468 4456 712 4534; x_wconf 87' lang='lat' dir='ltr'><strong>complementum</strong></span> <span class='ocrx_word' id='word_1_336' title='bbox 735 4455 774 4516; x_wconf 87' lang='lat' dir='ltr'><strong>ed</strong></span> <span class='ocrx_word' id='word_1_337' title='bbox 796 4453 863 4528; x_wconf 85' lang='lat' dir='ltr'><strong>HG,</strong></span> <span class='ocrx_word' id='word_1_338' title='bbox 887 4449 1027 4527; x_wconf 63' lang='lat' dir='ltr'><strong>anguium</strong></span> <span class='ocrx_word' id='word_1_339' title='bbox 1049 4447 1224 4522; x_wconf 86' lang='lat' dir='ltr'><strong>quaesitum.</strong></span> 
     </span>
    </p>

    <p class='ocr_par' dir='ltr' id='par_1_15' title="bbox 145 4525 1398 4623">
     <span class='ocr_line' id='line_1_47' title="bbox 145 4525 1398 4623; baseline -0.019 -17"><span class='ocrx_word' id='word_1_340' title='bbox 145 4545 242 4607; x_wconf 89' lang='lat' dir='ltr'><strong>Detur</strong></span> <span class='ocrx_word' id='word_1_341' title='bbox 265 4549 345 4608; x_wconf 86' lang='lat' dir='ltr'><strong>basis</strong></span> <span class='ocrx_word' id='word_1_342' title='bbox 367 4565 433 4608; x_wconf 89' lang='lat' dir='ltr'><strong>cum</strong></span> <span class='ocrx_word' id='word_1_343' title='bbox 456 4545 557 4620; x_wconf 90' lang='lat' dir='ltr'><strong>latere,</strong></span> <span class='ocrx_word' id='word_1_344' title='bbox 580 4547 730 4623; x_wconf 87' lang='lat' dir='ltr'><strong>quaeritur</strong></span> <span class='ocrx_word' id='word_1_345' title='bbox 752 4542 891 4620; x_wconf 78' lang='lat' dir='ltr'><strong>adjacens</strong></span> <span class='ocrx_word' id='word_1_346' title='bbox 912 4538 1005 4598; x_wconf 85' lang='lat' dir='ltr'><strong>lateri.</strong></span> <span class='ocrx_word' id='word_1_347' title='bbox 1051 4533 1089 4594; x_wconf 81' lang='lat' dir='ltr'><strong>Et</strong></span> <span class='ocrx_word' id='word_1_348' title='bbox 1111 4535 1140 4592; x_wconf 91' lang='lat' dir='ltr'><strong>in</strong></span> <span class='ocrx_word' id='word_1_349' title='bbox 1162 4531 1208 4590; x_wconf 89' lang='lat' dir='ltr'><strong>his</strong></span> <span class='ocrx_word' id='word_1_350' title='bbox 1231 4525 1345 4587; x_wconf 87' lang='lat' dir='ltr'><strong>duobus</strong></span> <span class='ocrx_word' id='word_1_351' title='bbox 1368 4531 1398 4584; x_wconf 90' lang='lat' dir='ltr'><strong>ct</strong></span> 
     </span>
    </p>
   </div>
   <div class='ocr_carea' id='block_1_3' title="bbox 48 4619 1400 5042">
    <p class='ocr_par' dir='ltr' id='par_1_16' title="bbox 48 4619 1400 5042">
     <span class='ocr_line' id='line_1_48' title="bbox 48 4619 1397 4712; baseline -0.016 -19"><span class='ocrx_word' id='word_1_352' title='bbox 48 4632 75 4688; x_wconf 83' lang='lat' dir='ltr'><strong>in</strong></span> <span class='ocrx_word' id='word_1_353' title='bbox 96 4631 212 4694; x_wconf 89' lang='lat' dir='ltr'><strong>dnobus</strong></span> <span class='ocrx_word' id='word_1_354' title='bbox 235 4637 381 4712; x_wconf 89' lang='lat' dir='ltr'><strong>prioribus</strong></span> <span class='ocrx_word' id='word_1_355' title='bbox 406 4635 525 4696; x_wconf 85' lang='lat' dir='ltr'><strong>casibus</strong></span> <span class='ocrx_word' id='word_1_356' title='bbox 548 4649 655 4711; x_wconf 89' lang='lat' dir='ltr'><strong>quaere</strong></span> <span class='ocrx_word' id='word_1_357' title='bbox 676 4634 771 4712; x_wconf 89' lang='lat' dir='ltr'><strong>primo</strong></span> <span class='ocrx_word' id='word_1_358' title='bbox 795 4631 873 4690; x_wconf 86' lang='lat' dir='ltr'><strong>lctus</strong></span> <span class='ocrx_word' id='word_1_359' title='bbox 895 4627 1056 4703; x_wconf 80' lang='lat' dir='ltr'><strong>reliquum,</strong></span> <span class='ocrx_word' id='word_1_360' title='bbox 1080 4619 1147 4682; x_wconf 88' lang='lat' dir='ltr'><strong>inde</strong></span> <span class='ocrx_word' id='word_1_361' title='bbox 1169 4634 1221 4696; x_wconf 89' lang='lat' dir='ltr'><strong>per</strong></span> <span class='ocrx_word' id='word_1_362' title='bbox 1243 4621 1397 4690; x_wconf 86' lang='lat' dir='ltr'><strong>utrumque</strong></span> 
     </span>
     <span class='ocr_line' id='line_1_49' title="bbox 48 4713 1296 4806; baseline 0.003 -29"><span class='ocrx_word' id='word_1_363' title='bbox 48 4715 120 4780; x_wconf 86' lang='lat' dir='ltr'><strong>lotos</strong></span> <span class='ocrx_word' id='word_1_364' title='bbox 143 4739 254 4800; x_wconf 87' lang='lat' dir='ltr'><strong>quaere</strong></span> <span class='ocrx_word' id='word_1_365' title='bbox 277 4723 426 4802; x_wconf 79' lang='lat' dir='ltr'><strong>angulum.</strong></span> <span class='ocrx_word' id='word_1_366' title='bbox 567 4713 569 4720; x_wconf 73' lang='grc'><strong>’</strong></span> <span class='ocrx_word' id='word_1_367' title='bbox 1289 4791 1296 4806; x_wconf 45' lang='grc'><strong>,</strong></span> 
     </span>
     <span class='ocr_line' id='line_1_50' title="bbox 146 4788 1398 4887; baseline -0.018 -17"><span class='ocrx_word' id='word_1_368' title='bbox 146 4811 244 4871; x_wconf 88' lang='lat' dir='ltr'><strong>Detur</strong></span> <span class='ocrx_word' id='word_1_369' title='bbox 265 4809 344 4872; x_wconf 89' lang='lat' dir='ltr'><strong>latus</strong></span> <span class='ocrx_word' id='word_1_370' title='bbox 360 4828 425 4871; x_wconf 91' lang='lat' dir='ltr'><strong>cum</strong></span> <span class='ocrx_word' id='word_1_371' title='bbox 440 4809 550 4887; x_wconf 77' lang='lat' dir='ltr'><strong>angulo</strong></span> <span class='ocrx_word' id='word_1_372' title='bbox 574 4810 723 4886; x_wconf 83' lang='lat' dir='ltr'><strong>opposito,</strong></span> <span class='ocrx_word' id='word_1_373' title='bbox 745 4812 778 4866; x_wconf 87' lang='lat' dir='ltr'><strong>ut</strong></span> <span class='ocrx_word' id='word_1_374' title='bbox 792 4805 852 4880; x_wconf 82' lang='lat' dir='ltr'><strong>BC,</strong></span> <span class='ocrx_word' id='word_1_375' title='bbox 876 4801 965 4876; x_wconf 78' lang='lat' dir='ltr'>EAG,</span> <span class='ocrx_word' id='word_1_376' title='bbox 989 4798 1138 4876; x_wconf 79' lang='lat' dir='ltr'><strong>quaeritur</strong></span> <span class='ocrx_word' id='word_1_377' title='bbox 1151 4793 1229 4854; x_wconf 82' lang='lat' dir='ltr'><strong>latus</strong></span> <span class='ocrx_word' id='word_1_378' title='bbox 1243 4788 1398 4866; x_wconf 75' lang='lat' dir='ltr'><strong>reliquum,</strong></span> 
     </span>
     <span class='ocr_line' id='line_1_51' title="bbox 51 4883 1400 4984; baseline -0.011 -28"><span class='ocrx_word' id='word_1_379' title='bbox 51 4895 173 4976; x_wconf 78' lang='lat' dir='ltr'><strong>angulus</strong></span> <span class='ocrx_word' id='word_1_380' title='bbox 194 4897 327 4978; x_wconf 89' lang='lat' dir='ltr'><strong>reliquus</strong></span> <span class='ocrx_word' id='word_1_381' title='bbox 350 4906 381 4960; x_wconf 92' lang='lat' dir='ltr'><strong>et</strong></span> <span class='ocrx_word' id='word_1_382' title='bbox 402 4899 490 4962; x_wconf 86' lang='lat' dir='ltr'><strong>basis.</strong></span> <span class='ocrx_word' id='word_1_383' title='bbox 529 4895 644 4973; x_wconf 84' lang='lat' dir='ltr'><strong>Quaere</strong></span> <span class='ocrx_word' id='word_1_384' title='bbox 660 4895 760 4958; x_wconf 90' lang='lat' dir='ltr'><strong>lateris</strong></span> <span class='ocrx_word' id='word_1_385' title='bbox 775 4893 825 4956; x_wconf 85' lang='lat' dir='ltr'><strong>BG</strong></span> <span class='ocrx_word' id='word_1_386' title='bbox 842 4890 1086 4969; x_wconf 88' lang='lat' dir='ltr'><strong>complementum</strong></span> <span class='ocrx_word' id='word_1_387' title='bbox 1101 4883 1153 4944; x_wconf 78' lang='grc' dir='ltr'><strong>ΟΒ</strong></span> <span class='ocrx_word' id='word_1_388' title='bbox 1177 4885 1207 4984; x_wconf 85' lang='lat' dir='ltr'><strong>in</strong></span> <span class='ocrx_word' id='word_1_389' title='bbox 1230 4895 1307 4957; x_wconf 85' lang='lat' dir='ltr'><strong>area,</strong></span> <span class='ocrx_word' id='word_1_390' title='bbox 1330 4889 1400 4941; x_wconf 90' lang='lat' dir='ltr'><strong>tunc</strong></span> 
     </span>
     <span class='ocr_line' id='line_1_52' title="bbox 1136 4986 1191 5042; baseline 0.018 -1"><span class='ocrx_word' id='word_1_391' title='bbox 1136 4986 1191 5042; x_wconf 83' lang='lat' dir='ltr'><strong>to·</strong></span> 
     </span>
    </p>
   </div>
   <div class='ocr_carea' id='block_1_4' title="bbox 0 0 1704 5426">
    <p class='ocr_par' dir='ltr' id='par_1_17' title="bbox 0 0 1704 5426">
     <span class='ocr_line' id='line_1_53' title="bbox 0 0 1704 5426; baseline 0 0"><span class='ocrx_word' id='word_1_392' title='bbox 0 0 1704 5426; x_wconf 95' lang='lat' dir='ltr'><strong> </strong></span> 
     </span>
    </p>
   </div>
  </div>
 </body>
</html>
