3436 5416
280 361 345 434 102
798 361 962 422 Plutarcho!
981 363 1016 420 de
1034 361 1116 421 Facie

166 588 167 605 ι
281 559 377 622 neque
401 540 523 604 densum
546 559 642 620 neque
666 549 753 604 tenue
777 544 824 606 vel
846 563 942 608 rarum
970 547 1066 624 ipsum
1088 563 1122 607 se
1144 546 1208 624 ipso
1231 561 1325 623 capax
1346 559 1410 604 esse
1433 541 1560 604 animae.
1597 537 1634 600 Et
1709 587 1710 598 ι

279 631 353 692 baec
377 629 413 690 de
436 631 603 692 substantia
627 631 737 692 Lunae.
1708 621 1710 700 ἶ

384 717 524 779 Latitudo
548 733 618 780 vero
642 727 671 778 et
693 718 864 794 magnitudo
887 719 950 796 ejus
974 737 1032 782 uon
1056 728 1101 780 est
1123 719 1183 794 illa,
1206 737 1295 794 quam
1317 725 1484 796 geometrae
1507 713 1633 788 tradunt,
1705 741 1710 780 .;

280 803 331 864 sed
354 805 447 866 multo
471 805 575 883 major.
621 803 707 881 Quod
731 823 800 866 vero
824 807 956 868 umbram
979 807 1085 867 Terrae
1108 807 1242 886 pauculis
1264 807 1309 866 sui
1333 807 1461 882 corporis
1485 803 1633 876 magnitu-
1705 819 1710 856 ι

8 905 77 976 ιζ,
161 967 162 970 ¹
280 891 396 954 dlnlbus
414 891 611 966 dimetiuntur,
635 892 664 952 id
680 911 737 954 nou
754 902 798 954 est
813 903 930 972 propter
947 890 1122 972 parvitatem
1138 912 1230 969 suam,
1253 893 1305 955 sed
1328 896 1399 971 quia
1421 890 1634 952 lomentissimo
1708 925 1710 954 2

281 989 362 1040 motu
385 983 557 1056 concitatur,
584 988 615 1041 ut
637 980 768 1042 celeriter
790 981 916 1059 trajiciat
939 982 1036 1043 locum
1057 983 1243 1042 tenebrosum
1256 977 1321 1056 ¹²⁰),
1347 979 1522 1040 subtrahens
1536 987 1568 1037 et
1582 994 1634 1036 ex·
1708 975 1710 1030 l

280 1075 400 1146 portans
430 1071 545 1146 piorum
573 1071 685 1128 animas
717 1068 839 1146 cupidas
868 1076 897 1130 et
926 1068 1082 1130 clamorem
1114 1068 1306 1130 intendentes.
1351 1067 1426 1128 Nam
1448 1068 1479 1125 iu
1502 1065 1634 1124 umbram
1703 1127 1710 1150 ἐ

163 1149 164 1154 ’
282 1151 398 1216 deletus
422 1173 479 1216 non
504 1155 629 1232 amplius
652 1156 812 1216 exaudiunt
844 1165 1015 1220 concentum
1038 1157 1194 1218 coelorum.
1238 1155 1331 1216 Simul
1355 1163 1453 1216 autem
1476 1155 1567 1214 etiam
1590 1153 1635 1209 in·
1708 1161 1710 1208 3

13 1251 21 1278 l

281 1243 370 1304 larius
400 1242 441 1320 (ln
465 1243 616 1322 profundis
642 1243 741 1304 Lunae
770 1241 930 1329 specubus)
961 1263 1076 1320 eorum,
1107 1247 1158 1322 qui
1180 1246 1283 1322 poenis
1306 1243 1489 1321 plectuntur,
1520 1241 1636 1302 animae
1708 1247 1710 1286 i

280 1329 422 1407 tantisper
445 1330 514 1390 dum
536 1331 565 1390 in
589 1332 692 1392 umbre
714 1341 783 1390 sunt
805 1331 953 1408 plorantes
976 1334 1104 1393 lamenta
1127 1332 1217 1392 edunt
1246 1331 1437 1392 incredibilia.
1474 1328 1636 1404 Propterea
1708 1383 1710 1398 ,

281 1419 369 1477 etiam
392 1416 509 1494 pulsare
531 1417 627 1478 solent
648 1417 779 1496 plerique
795 1420 944 1480 hominum
961 1423 989 1479 iu
1006 1419 1142 1497 deliquiis
1165 1437 1251 1480 aerea
1267 1437 1341 1480 vasa
1361 1419 1544 1492 tinnitusque
1561 1417 1634 1474 ciere
1708 1483 1710 1488 ,

281 1513 310 1564 et
333 1507 470 1582 strepitus
486 1501 538 1584 ¹¹⁸¹)
568 1505 709 1565 adversus
732 1501 919 1588 auimas¹²²t
964 1507 1171 1585 Expavescont
1194 1507 1270 1566 euim
1297 1505 1377 1566 illam
1401 1504 1510 1566 dictam
1533 1501 1635 1562 itunae
1708 1489 1710 1560 ³

280 1591 396 1666 taciem,
421 1593 470 1652 ubi
493 1594 801 1670 appropinquaverint,
825 1611 901 1672 quae
924 1605 1007 1654 torvo
1032 1605 1060 1656 et
1082 1594 1213 1654 horribili
1235 1601 1282 1656 est
1302 1601 1434 1670 aspectu.
1481 1588 1545 1650 Etsi
1570 1589 1636 1650 talis
1708 1615 1710 1668 3

265 1677 400 1765 ¹quidem
424 1678 476 1740 illa
498 1697 556 1740 non
580 1688 635 1756 est,
668 1679 719 1740 sed
749 1683 825 1742 sicut
851 1690 950 1742 nostra
979 1682 1053 1743 haec
1075 1682 1166 1742 Terra
1194 1683 1275 1742 sinus
1302 1679 1392 1741 habet
1421 1677 1636 1756 profundoso
1708 1673 1710 1738 i

282 1765 405 1843 amplos,
429 1783 518 1826 utrum
541 1767 660 1844 quidem
683 1769 730 1828 bic
752 1785 803 1846 per
826 1767 975 1828 columnus
990 1769 1127 1829 Herculis
1150 1769 1225 1828 intro
1248 1767 1286 1828 ad
1300 1785 1354 1826 uos
1377 1767 1483 1838 iusum,
1508 1765 1637 1824 exterius
1708 1765 1710 1824 ἕ

285 1868 355 1914 vero
380 1856 512 1932 caspium
524 1849 591 1936 ¹²³),
615 1873 724 1932 eosque
744 1858 794 1932 qui
817 1863 885 1915 sunt
908 1860 983 1916 circa
1006 1875 1085 1918 mare
1106 1857 1238 1927 rubrum,
1268 1856 1311 1914 sie
1334 1857 1408 1914 istae
1430 1851 1549 1930 (Lunae
1572 1868 1638 1910 ma·
1708 1871 1710 1916 2

280 1935 378 2024 culeo)
406 1941 620 2020 profunditates
649 1952 677 2003 et
708 1945 914 2004 execrationes
944 1943 1044 2006 launae
1075 1939 1218 2022 sonim).
1263 1942 1306 2002 Ex
1330 1945 1366 2002 iis
1395 1958 1484 2000 uuam
1516 1938 1637 2015 quidem

281 2031 438 2090 maximam
461 2029 590 2092 Hecates
613 2030 761 2108 penetrale
785 2029 971 2108 appellitant,
1003 2032 1053 2091 ubi
1076 2047 1187 2109 poenas
1203 2037 1232 2090 et
1248 2029 1405 2089 exsolvunt
1427 2035 1457 2088 et
1479 2031 1638 2103 reposcunt
1709 2085 1710 2092 ,

280 2119 395 2178 animae
419 2137 472 2197 pro
495 2120 540 2193 lle,
564 2136 723 2196 quaecum
742 2118 803 2194 jam
817 2126 915 2178 esseut
931 2125 1017 2179 natae
1035 2117 1081 2179 vel
1096 2117 1277 2194 pertulerunt
1293 2116 1339 2176 vel
1354 2117 1564 2176 commiserunt
1575 2107 1638 2189 ¹²⁵),

283 2203 358 2266 duae
383 2223 452 2266 vero
476 2208 602 2266 minores
632 2201 773 2282 summ).
820 2205 1016 2282 Trajiciuutur
1044 2207 1120 2267 enim
1149 2207 1264 2264 animae
1287 2205 1315 2263 in
1339 2201 1397 2262 illis
1419 2219 1497 2262 nunc
1519 2199 1638 2278 quidem
1708 2197 1710 2208 '

281 2293 311 2350 in
334 2299 434 2369 partes
457 2293 575 2367 Lunae,
608 2309 684 2369 quae
714 2309 815 2351 versus
842 2292 955 2353 coelum
978 2300 1126 2372 spectant,
1154 2309 1268 2350 rursum
1296 2292 1325 2350 iu
1349 2309 1400 2351 eas
1427 2306 1505 2366 quae
1535 2304 1640 2349 versus

284 2377 405 2438 Terram
420 2374 483 2454 ¹²⁷).
523 2379 559 2438 Et
583 2395 658 2455 quae
682 2378 719 2438 ad
743 2379 857 2439 coelum
880 2387 1014 2458 spectant
1029 2396 1149 2456 campus
1165 2378 1275 2456 elysios
1298 2384 1450 2449 vocantur,
1474 2393 1553 2452 quae
1568 2391 1637 2435 vero

163 2483 164 2490 ¹
282 2464 320 2526 ad
344 2481 397 2524 nos
419 2474 564 2543 spectant,
588 2465 788 2544 Proserpinae,
811 2483 870 2526 non
894 2484 963 2527 vero
987 2466 1220 2528 Contra-Terrae
1242 2466 1361 2544 (nomen
1386 2464 1545 2538 obtinent).

387 2551 452 2614 Non
476 2569 590 2629 semper
620 2570 689 2613 nero
718 2561 815 2613 terunt
837 2555 877 2614 ibi
900 2562 1013 2632 tempus
1036 2553 1128 2630 genii,
1159 2553 1211 2614 sed
1239 2552 1297 2613 huc
1324 2550 1506 2612 descendunt
1540 2563 1639 2612 curem
1704 2555 1710 2574 ⁴

282 2642 392 2720 gesturi
418 2639 616 2714 oraculorum,
640 2641 840 2718 intereuntque
864 2648 893 2702 et
915 2643 971 2719 ipsi
993 2641 1141 2702 sacrificiis
1165 2639 1396 2711 sublimissimis,
1420 2645 1450 2696 et
1473 2638 1559 2714 orgia
1582 2653 1640 2698 una

283 2728 433 2790 celebrent
461 2726 649 2804 vindicesque
680 2729 808 2788 existunt
831 2737 861 2789 et
883 2727 1018 2789 custodes
1041 2728 1181 2789 scelerum
1212 2734 1242 2786 et
1270 2735 1446 2787 servatores.
1491 2723 1534 2783 Hi
1557 2732 1588 2784 et
1610 2725 1639 2782 in
1708 2719 1710 2758 ι

281 2813 367 2876 bellis
389 2824 419 2876 et
442 2815 470 2873 lu
494 2815 566 2874 mari
589 2816 667 2874 laces
689 2816 868 2892 praeierunt3
891 2819 1007 2893 quoties
1028 2833 1098 2875 vero
1121 2813 1317 2892 quidbomm
1340 2830 1399 2873 non
1422 2813 1499 2872 bene
1515 2814 1640 2888 egerint,
1707 2867 1710 2892 ,

279 2901 332 2964 sed
356 2909 408 2962 sut
430 2919 466 2962 ex
489 2903 532 2964 ira
561 2908 612 2962 aot
641 2900 679 2962 ad
707 2906 831 2980 gratiam
854 2903 992 2980 injustam
1021 2911 1073 2962 aut
1103 2920 1138 2962 ex
1167 2901 1294 2977 invidia,
1327 2917 1438 2978 poenas
1470 2898 1639 2971 exsolvunt,
1708 2913 1710 2972 j

281 2989 436 3050 truduntur
460 2991 535 3050 enlm
558 3007 671 3049 rursum
694 2992 723 3049 iu
746 2989 879 3064 Terram,
911 2992 1034 3050 contorti
1062 2993 1093 3047 in
1123 2989 1252 3049 humana
1282 3005 1415 3066 corpora.
1460 2987 1505 3046 Ex
1537 3003 1638 3047 eorum
1707 2985 1710 3056 l

281 3095 351 3138 vero
375 3093 464 3138 ceusu
495 3077 544 3153 qui
577 3077 729 3151 meliores,
758 3076 802 3136 illi
833 3079 883 3154 qui
915 3079 992 3137 eirca
1019 3075 1177 3136 Saturnum
1206 3083 1289 3150 sunt,
1319 3079 1409 3138 etiarn
1438 3091 1470 3135 se
1502 3073 1640 3134 dixerunt
1709 3115 1710 3134 ι

284 3181 365 3238 esse,
396 3171 425 3224 et
447 3167 527 3240 prius
550 3162 668 3240 quidem
699 3165 729 3222 in
752 3163 839 3224 Creta
861 3165 949 3224 etiam
973 3163 1114 3242 Dactylos
1145 3163 1211 3224 illos
1235 3162 1360 3238 Idaeos,
1393 3169 1423 3224 et
1452 3163 1483 3219 in
1508 3160 1639 3238 Phrygia
1708 3185 1710 3234 l

281 3251 466 3330 Corybantes
495 3259 524 3312 ot
547 3249 771 3328 Trophoniadas
800 3253 829 3310 iu
851 3250 984 3312 Lebadia
1007 3251 1149 3313 Boeotiae
1176 3257 1206 3310 et
1227 3250 1357 3312 inliuitos
1387 3249 1462 3310 alios
1487 3250 1518 3306 in
1543 3248 1639 3325 pluri·
1709 3245 1710 3248 ’

282 3341 338 3397 mle
367 3337 440 3398 locls
469 3337 548 3398 orbis
576 3337 718 3410 habitati,
748 3354 871 3413 quorum
899 3355 982 3398 sacra
1004 3347 1034 3397 et
1055 3339 1181 3398 bonores
1209 3345 1239 3397 et
1261 3337 1477 3416 appellationes
1501 3345 1639 3412 maneum

283 3423 448 3502 aliquorum
473 3441 541 3484 vero
564 3432 725 3502 potestates
748 3424 923 3498 delecemut,
947 3429 998 3500 qui
1021 3428 1050 3484 in
1074 3426 1150 3486 alios
1164 3423 1246 3484 locos
1262 3425 1396 3485 translati
1411 3425 1557 3500 optimam
1572 3441 1640 3500 per·
1709 3439 1710 3446 ¹

280 3515 473 3574 mutationem
495 3518 564 3570 erint
585 3513 674 3572 nacti.
719 3511 784 3572 Hoc
806 3529 877 3573 vero
901 3515 1044 3588 contingit
1065 3511 1131 3572 aliis
1152 3513 1247 3588 prius,
1277 3512 1344 3571 aliis
1372 3514 1486 3585 serius,
1517 3509 1640 3587 quando

280 3615 362 3660 mens
385 3599 423 3660 ab
447 3599 544 3660 anima
559 3594 856 3678 lentescereta¹²⁹);
879 3601 1040 3662 secernitur
1062 3607 1158 3660 autem
1181 3617 1280 3660 amore
1296 3601 1444 3676 imaginis,
1467 3615 1548 3674 quae
1564 3601 1640 3658 circa
1709 3613 1710 3618 ¹

280 3686 379 3748 Solem
401 3693 446 3746 est
460 3680 529 3769 ¹⁴²⁹),
558 3701 610 3760 per
631 3703 720 3765 quem
742 3687 863 3764 affulget
886 3685 929 3761 id,
954 3685 1034 3764 quod
1056 3695 1101 3746 eat
1121 3685 1280 3764 expetibile
1302 3695 1332 3748 et
1355 3686 1488 3746 divinum
1512 3693 1544 3746 et
1567 3687 1640 3746 bea-
1709 3729 1710 3768 ,

281 3781 353 3848 tum,
376 3775 460 3852 enjus
483 3779 625 3852 appetens
647 3779 692 3833 est
714 3775 808 3832 omnis
830 3781 942 3846 natura,
966 3773 1025 3832 alia
1047 3772 1164 3850 quidem
1187 3773 1282 3832 aliter.
1327 3773 1404 3836 Nam
1426 3777 1524 3850 ipsam
1549 3775 1638 3833 etiam

281 3859 395 3922 Lunam
426 3877 524 3920 emere
547 3859 626 3920 Solis
656 3861 915 3920 circumambeiare
942 3877 1056 3938 semper
1085 3866 1115 3920 et
1136 3861 1215 3920 coire
1237 3877 1302 3920 eum
1325 3861 1392 3936 illo,
1421 3863 1640 3937 concupiscen-
1709 3867 1710 3918 J

279 3957 339 4008 tem
361 3947 399 4008 ab
423 3951 487 4024 ipso
509 3947 570 4008 lieri
600 3963 689 4024 quam
711 3947 977 4008 foecundissimam.
1023 3945 1208 4023 Relinquitur
1235 3956 1334 4007 autem
1357 3951 1387 4007 in
1410 3947 1500 4008 Luna
1522 3951 1640 4008 animae
1709 3939 1710 4012 ζ

281 4043 395 4110 ιιιιιιιι,
419 4051 594 4095 conseri-eos
617 4033 709 4096 ueluti
733 4035 860 4110 vestigia
881 4033 1028 4109 quaedam
1050 4033 1097 4094 vel
1120 4035 1234 4093 somnia
1257 4036 1346 4100 ritae.
1386 4037 1425 4098 Et
1446 4035 1484 4094 de
1499 4033 1560 4097 hee
1575 4038 1640 4114 qui·
1709 4071 1710 4114 ι

282 4121 349 4184 dem
370 4131 448 4183 recte
470 4129 587 4182 censete
611 4121 720 4182 dictum
742 4120 830 4180 illud:
1709 4131 1710 4158 ι

525 4211 579 4268 ast
601 4211 710 4268 animo
732 4216 769 4268 ιιι
790 4223 916 4268 somnus
939 4207 1056 4267 eolesam
1076 4215 1155 4266 mot
1176 4211 1252 4265 odra
1274 4223 1378 4267 cursu.

386 4293 489 4372 lisque
511 4297 588 4355 euim
610 4294 661 4355 illa
683 4297 782 4356 statim
796 4303 874 4368 tune,
899 4311 993 4370 neque
1007 4295 1132 4370 primum
1153 4303 1242 4371 atque
1265 4310 1387 4371 corpore
1408 4294 1468 4354 luit
1489 4296 1637 4370 exsoluta,
1708 4309 1710 4338 l

279 4383 335 4444 boe
357 4389 404 4442 cst
425 4399 529 4460 passe,
551 4381 603 4441 sed
625 4385 789 4460 posterius,
818 4379 937 4458 quando
959 4379 1075 4440 dasena
1096 4387 1126 4440 et
1147 4380 1211 4440 sola
1234 4381 1322 4440 luerit
1343 4399 1364 4441 a
1385 4389 1485 4442 mente
1509 4385 1638 4445 revulsa
1708 4389 1710 4450 g

279 4471 316 4530 lit
345 4469 491 4528 Homerus
518 4471 648 4530 omnium
678 4486 755 4546 quae
784 4468 859 4530 dixit
887 4468 944 4527 hoc
971 4470 1096 4529 maxime
1124 4467 1190 4528 Deo
1217 4466 1347 4528 dictante
1378 4469 1498 4530 ridetur
1530 4471 1639 4531 dixisse
1709 4463 1710 4496 ³

279 4557 315 4618 de
338 4557 454 4618 inieris:

531 4643 585 4702 det
607 4643 694 4702 illum
717 4641 867 4703 umbo
889 4644 1029 4716 experior
1047 4659 1108 4717 pro
1129 4642 1237 4702 robore
1260 4651 1349 4702 tatae

532 4729 645 4802 ledor,
669 4738 702 4790 ot
723 4734 786 4807 ipae
808 4729 879 4788 Diis
899 4745 958 4786 sese
979 4729 1203 4788 immortalibus
1224 4725 1395 4814 casnm)

279 4815 356 4878 tiam
377 4817 579 4897 uuusquisque
600 4825 731 4880 umbem
753 4833 812 4878 uon
834 4821 879 4876 eet
899 4831 996 4896 neque
1018 4817 1077 4890 ira,
1100 4833 1196 4894 neque
1217 4825 1330 4894 metus,
1356 4835 1455 4897 oeque
1478 4819 1637 4900 cupiditas,
1709 4833 1710 4840 ¹
