3398 5426
609 339 659 406 III.
678 342 874 404 aeconomia.
944 287 948 295 ¹
1057 301 1061 310 =
1353 343 1416 418 231
1448 437 1450 444 ,
1488 305 1493 316 Ι

63 519 221 584 altitudine
252 525 392 584 remotius
421 527 562 584 minorem
593 524 663 584 iacit
690 524 838 602 angulum.
893 522 963 587 Jaur
995 526 1066 603 quia
1090 527 1246 602 aequantia
1277 535 1416 604 punctum

62 611 152 672 modo
175 610 292 687 fingitur
315 611 490 673 descendere
514 614 543 671 iu
566 611 725 689 apsidibus,
749 615 800 684 qui
824 631 892 688 ergo
916 630 1001 672 arcus
1024 614 1137 672 medina
1158 613 1213 673 luit
1234 617 1263 672 iu
1286 613 1416 691 longitu-

62 700 131 758 dine
147 698 245 758 media
263 717 362 760 versus
378 717 550 776 apogaeum,
575 717 640 760 cum
656 718 707 776 per
722 700 940 761 inclinationem
962 718 1028 776 pare
1044 703 1229 778 aequationis
1251 713 1414 778 augeretur,

61 803 112 866 per
128 790 360 846 imminutionem
375 788 539 847 altitudinis
554 790 708 864 aequantia
724 791 827 848 iterum
849 791 995 860 minuitur,
1020 790 1119 863 itaque
1142 788 1190 849 bic
1205 789 1296 848 videri
1320 799 1417 869 potest

60 873 181 936 ablatae
204 875 242 934 ab
265 892 334 936 arou
357 875 521 936 anomaliae
545 875 685 952 simplicis
708 875 835 936 medium
853 893 952 937 arcum
974 875 1136 952 relinquere
1160 879 1248 935 etiarn
1271 877 1334 952 hic;
1356 882 1416 939 nisi

61 961 178 1022 tantula
200 965 239 1022 sit
261 965 440 1038 imminutio,
471 973 503 1022 ut
523 962 571 1022 bic
596 966 716 1022 visionis
738 966 817 1024 arcui
840 967 1064 1041 appropinquet.
1110 963 1221 1024 Versus
1242 967 1414 1041 pangaeum

60 1050 137 1112 baec
159 1052 342 1125 aequationis
366 1068 433 1127 pars
455 1053 572 1126 gemino
594 1053 711 1111 nornine
734 1053 880 1125 minuitur,
905 1059 934 1112 st
956 1051 1144 1111 inclinatione
1168 1061 1195 1112 et
1213 1055 1413 1116 imminutione

62 1139 162 1209 basis,
187 1136 308 1198 multum
331 1141 419 1215 igitur
441 1141 657 1216 appropinquat
679 1143 817 1217 temporis
841 1141 930 1200 arcui.
976 1139 1019 1198 Ex
1042 1138 1087 1198 his
1113 1139 1228 1198 videtur
1250 1157 1333 1199 arcus
1357 1157 1415 1200 nou

60 1243 180 1284 manere
204 1223 329 1286 medium
352 1225 582 1300 arithmeticum,
606 1225 707 1286 sedin
730 1229 793 1303 ipso
812 1244 945 1305 apogaeo
968 1243 1032 1286 esse
1055 1226 1181 1286 medium
1204 1227 1415 1288 arithmeticum

61 1313 108 1374 vel
132 1313 233 1389 quasi,
256 1315 284 1372 in
299 1315 436 1390 perigaeo
452 1315 576 1374 maxime
599 1317 833 1391 appropinquare
856 1316 994 1391 temporis
1010 1316 1099 1374 arcui.
1131 1313 1197 1374 Hoc
1219 1314 1313 1374 dicere
1336 1316 1414 1392 volo,

61 1403 306 1462 eccentricitatem
322 1401 430 1478 ubique
446 1411 626 1462 constantem
649 1419 722 1476 esse,
746 1402 834 1479 hujus
850 1409 990 1492 respectu
1012 1402 1106 1478 maior
1127 1401 1160 1460 tit
1181 1403 1211 1459 in
1233 1401 1414 1480 longitudine
1473 1453 1475 1458 .

61 1488 161 1548 media
183 1487 307 1548 altitudo
330 1491 430 1564 puncti
452 1491 617 1567 sequentis.

167 1574 269 1636 Motus
297 1579 398 1652 itaque
427 1576 541 1636 medius
567 1593 620 1636 seu
650 1594 735 1636 ucua
764 1579 902 1654 temporis
926 1582 955 1636 et
977 1593 1129 1636 numerum
1157 1575 1296 1651 majorem
1324 1577 1415 1638 babet

18 1729 22 1738 ¹
63 1662 279 1737 distantiarum,
302 1681 390 1740 qnam
412 1673 480 1724 sunt
502 1666 532 1722 in
556 1667 680 1724 visionis
700 1681 778 1737 areu,
802 1673 831 1724 et
850 1664 917 1723 illas
939 1657 977 1746 (si
996 1666 1071 1724 circa
1085 1680 1251 1741 apogaeum
1269 1658 1327 1748 eat)
1350 1683 1415 1725 om·

61 1769 114 1812 uas
136 1750 299 1827 longiores,
322 1767 391 1824 seu,
415 1751 493 1828 quod
518 1750 594 1812 idem
616 1760 670 1826 est,
693 1768 777 1812 arcus
800 1751 849 1812 ille
873 1759 917 1812 tot
938 1751 1029 1812 babet
1051 1750 1221 1823 distantias,
1252 1761 1324 1828 quot
1347 1761 1415 1813 suut

62 1855 92 1898 re
116 1855 188 1899 vera
211 1840 239 1896 in
263 1841 432 1912 eccentrico,
456 1840 508 1900 sad
530 1839 686 1916 longiores,
708 1857 798 1915 quarn
821 1857 857 1900 er
880 1846 978 1898 centro
1002 1840 1162 1900 eccentricl.
1201 1836 1326 1914 Quando
1341 1857 1411 1900 vero

61 1922 186 1986 visionis
209 1925 335 2002 angulus
356 1926 487 2003 pluribus
509 1944 597 2003 quam
619 1930 682 2003 ipse
705 1935 837 1988 numerat
854 1934 883 1990 et
897 1926 1018 1986 totidem
1034 1925 1179 1984 distantiis
1194 1936 1317 2000 secatur,
1341 1935 1414 2003 quot

62 2021 129 2074 sunt
152 2015 180 2072 iu
204 2031 273 2074 arcu
297 2016 459 2093 eccentrici,
482 2014 555 2074 flunt
576 2016 679 2090 utique
702 2017 827 2078 minores
850 2013 1021 2091 particulae.
1065 2014 1104 2074 Et
1126 2021 1195 2073 tuno
1218 2017 1306 2072 etiarn
1329 2033 1413 2075 arcus

62 2103 201 2177 temporis
223 2099 367 2163 secandus
397 2110 442 2162 est
464 2101 587 2162 totidem
610 2102 756 2162 distantiis
779 2102 956 2176 habebitque
986 2101 1110 2177 majores
1142 2101 1300 2178 particulas
1323 2119 1411 2179 quam

65 2207 136 2266 quaa
161 2190 224 2264 ipse
246 2196 388 2248 numerat
432 2187 503 2250 Jsm
526 2199 557 2248 ut
580 2196 624 2250 est
645 2189 784 2250 distantia
807 2208 841 2249 ex
865 2197 963 2248 centro
988 2190 1140 2249 eccentrici
1156 2187 1193 2248 ad
1213 2206 1310 2247 arcum
1327 2207 1411 2248 sunm

63 2279 124 2354 (qui
148 2279 283 2338 metiatur
302 2277 364 2352 iam
381 2276 505 2352 aequale
527 2273 663 2356 tempus),
685 2279 729 2336 ita
750 2285 794 2336 esi
817 2277 956 2337 distantia
979 2295 1015 2336 ex
1038 2283 1135 2335 centro
1159 2278 1280 2335 visionis
1302 2276 1340 2335 ad
1362 2295 1412 2336 ar·

63 2382 125 2424 cum
147 2365 288 2440 temporis
310 2363 502 2439 inaequaliter
523 2367 687 2439 metientis,
715 2371 746 2423 et
768 2368 809 2424 ita
831 2367 919 2424 etism
949 2381 1086 2424 numerus
1115 2365 1223 2440 aliquis
1254 2363 1409 2426 distantiae

63 2452 100 2512 ad
121 2459 297 2528 aequantem
321 2459 374 2512 etc.
418 2451 593 2526 ignorantur
615 2451 676 2512 duo
696 2453 828 2518 termini:
857 2450 1009 2528 longitudo
1033 2459 1062 2510 et
1083 2449 1240 2511 multitudo
1263 2450 1409 2512 radiorum

63 2540 226 2616 longiorum
248 2547 277 2599 et
308 2541 466 2618 quantitas¹
485 2556 604 2600 arcuum
634 2539 786 2616 majorum.
837 2539 986 2600 Ponamus
1015 2541 1044 2598 in
1072 2538 1162 2600 radiis
1193 2537 1314 2599 eandem
1345 2557 1409 2600 ease

64 2628 288 2700 dimensionem,
329 2643 404 2701 quse
434 2632 479 2686 est
510 2629 538 2684 in
567 2629 696 2704 ipsorum
727 2627 853 2688 arcubus
881 2635 911 2687 et
942 2626 1065 2702 quilibet
1098 2625 1196 2688 radius
1233 2629 1272 2686 eit
1301 2630 1407 2688 unitas.

64 2715 137 2794 Ergo
169 2731 253 2776 arcus
284 2715 425 2790 temporis
454 2715 589 2774 metiatur
622 2715 692 2774 mibi
722 2715 869 2774 radiorum
908 2716 1036 2774 omniunt
1069 2731 1226 2788 summam,
1262 2730 1318 2772 non
1351 2733 1407 2774 nu-

64 2821 188 2878 merum,
218 2809 287 2861 sunt
309 2804 385 2863 enirn
410 2808 439 2862 et
460 2799 608 2878 longiores
629 2809 659 2862 et
680 2803 788 2879 plures.
834 2803 878 2862 Ex
901 2819 970 2862 meu
1000 2803 1121 2862 visionis
1152 2809 1248 2860 autem
1273 2799 1411 2862 discenda

66 2899 106 2951 est
127 2889 291 2966 longitudo.
337 2889 420 2949 Sicut
441 2889 540 2949 radius
563 2889 716 2950 mediocris
738 2889 777 2948 ad
800 2888 978 2966 longiorem,
1001 2889 1045 2948 sic
1067 2897 1181 2965 tempus
1204 2888 1348 2949 mediocre
1371 2888 1408 2950 ad

64 2977 194 3056 lougius,
218 2977 265 3038 vol
290 2993 373 3036 arcus
396 2975 434 3036 ad
456 2993 564 3038 arcum.
610 2976 693 3037 Sicut
720 2995 789 3053 ergo
818 2977 958 3035 distantia
986 2974 1083 3036 media
1112 2975 1149 3039 ad
1173 2975 1339 3034 distantiam
1362 2979 1409 3035 in·
1444 2979 1446 2986 ’

65 3067 116 3139 ira,
146 3069 190 3126 sic
212 3082 297 3124 arcus
327 3062 440 3124 medius
463 3062 501 3123 ad
523 3081 622 3124 arcum
644 3081 740 3140 supra.
785 3065 823 3123 Et
843 3067 920 3124 sieut
942 3081 1055 3124 summa
1077 3062 1178 3138 aliqua
1206 3061 1409 3123 distantiarum

66 3153 221 3214 mediarum
244 3151 282 3212 ad
304 3161 447 3212 summam
470 3150 673 3212 distantiarum
688 3153 769 3222 iusra,
794 3155 836 3212 ita
858 3169 971 3212 summa
986 3149 1086 3227 aliqua
1107 3168 1226 3210 arcuum
1249 3150 1410 3210 mediorum

66 3241 100 3302 sd
121 3258 263 3302 summam
286 3239 416 3315 aliquam
446 3257 565 3298 arcuum
596 3257 693 3314 supra.
738 3238 807 3300 Jam
836 3240 916 3316 prius
949 3255 1028 3330 vero¹
1049 3235 1170 3298 eandem
1199 3237 1408 3298 dimensionem

66 3329 115 3389 leci
137 3327 228 3389 radiis
250 3333 279 3386 et
304 3327 439 3388 arcubus.
485 3326 568 3388 Sicut
597 3343 665 3402 ergo
694 3343 778 3386 arcus
807 3325 958 3388 eccentrioi
985 3324 1023 3384 ad
1054 3343 1152 3388 arcum
1180 3328 1334 3403 temporie,
1366 3329 1409 3388 sic

67 3433 147 3475 arcus
171 3415 284 3474 medius
306 3413 344 3473 ad
368 3431 467 3473 arcum
490 3416 637 3491 temporis,
660 3413 734 3473 haec
756 3417 927 3493 ταυτολογια
950 3413 1089 3489 sequitur.
1136 3413 1181 3471 An
1205 3431 1274 3488 ergo
1298 3421 1407 3490 quanto

66 3503 176 3580 longior
192 3503 340 3575 distantia,
356 3509 438 3561 tanto
453 3503 547 3561 minor
563 3518 646 3560 arcus
661 3501 809 3562 visionis?
831 3499 917 3562 Sane.
941 3500 999 3560 Sed
1016 3518 1052 3559 an
1069 3499 1297 3577 proportionalia
1312 3501 1408 3578 haec?

66 3590 124 3658 lion
148 3594 262 3668 opinor.
305 3589 389 3651 Alias
412 3590 528 3665 quidem
551 3591 655 3650 iterum
685 3589 744 3648 lere
766 3590 947 3648 vicissemus.
992 3587 1068 3648 Nam
1090 3605 1232 3648 summam
1254 3586 1407 3664 longorum

67 3679 217 3750 aeduum,
240 3677 268 3736 b.
284 3694 310 3736 e.
331 3693 429 3736 arcum
450 3679 586 3753 temporis
609 3676 866 3753 multiplicaremus
890 3677 917 3734 in
941 3693 1083 3736 unimam
1105 3693 1262 3752 parvorum
1277 3691 1406 3752 arcuum,

66 3765 137 3830 be.
160 3769 193 3826 in
215 3781 312 3824 arcum
337 3765 467 3837 visionis,
491 3765 577 3840 hujus
600 3782 730 3825 summae
746 3781 950 3841 quaereremus
965 3762 1101 3825 radicem.
1139 3763 1185 3823 Ita
1199 3779 1285 3823 arcus
1303 3781 1407 3824 eccen-

66 3855 122 3914 tricl
145 3864 224 3914 esset
245 3851 373 3912 medium
395 3851 612 3929 proportionale
641 3854 715 3911 inter
737 3852 865 3927 reliquos
887 3868 980 3911 arcus.
1027 3851 1104 3911 Sanc
1127 3849 1183 3910 hoo
1206 3851 1408 3911 verisimilitu-

11 3933 12 3936 '
67 3939 155 4001 dtnsm
176 3941 261 4016 iacit,
294 3938 372 4016 quod
394 3957 483 4016 supra
505 3941 579 4000 inter
601 3939 686 3999 binos
709 3949 739 3998 et
761 3940 846 3998 binos
875 3938 1008 4016 planetas
1031 3937 1157 3998 medium
1188 3939 1406 4015 proportionale

67 4028 170 4102 valuit,
194 4029 217 4090 si
240 4027 296 4086 bac
317 4026 517 4104 speculatione
539 4029 735 4103 potuissemus
759 4029 810 4086 uti.
855 4026 935 4086 Data
958 4043 1027 4101 ergo
1050 4029 1235 4103 proportione
1259 4029 1405 4102 temporis,

68 4133 136 4190 quae
158 4123 204 4176 est
226 4117 298 4176 inter
321 4113 444 4190 gradum
467 4131 556 4172 unum
578 4131 741 4191 apogaeum
765 4121 795 4176 et
817 4113 953 4186 medium,
978 4114 1063 4172 datur
1077 4115 1225 4190 proportio
1248 4113 1404 4193 radiorum,

67 4211 92 4262 et
112 4204 181 4264 data
203 4205 388 4278 proportione
411 4203 565 4278 temporis,
597 4201 674 4276 qarod
698 4209 743 4262 est
764 4205 839 4262 inter
866 4200 979 4276 aliquot
1006 4218 1090 4260 arcus
1118 4213 1266 4278 apogaeoe
1289 4211 1319 4259 et
1341 4218 1404 4260 mc-

68 4288 133 4362 dioe,
154 4291 242 4350 datur
264 4291 411 4366 proportio
434 4305 565 4348 summas
587 4288 732 4349 radiorum
747 4287 935 4351 mediocrium
950 4294 979 4349 et
994 4283 1200 4365 apogaeorum.
1237 4287 1320 4347 Haeo
1336 4289 1405 4362 qui-

10 4439 11 4448 ,
69 4375 125 4438 dem
144 4395 235 4454 supra
256 4381 444 4457 rnuroloynrr
466 4376 551 4436 nobis
573 4383 756 4453 pepererunt.
801 4375 875 4436 Nam
898 4393 956 4436 uon
981 4371 1022 4436 ita
1043 4378 1132 4436 scitur
1155 4383 1269 4452 tempus
1291 4374 1405 4433 medio·

68 4480 123 4524 rum
142 4483 272 4538 arcuum,
295 4471 328 4526 ut
349 4466 424 4524 inter
445 4464 588 4540 planetae.
625 4463 666 4522 At
688 4465 777 4523 scitur
798 4481 868 4524 saus
891 4469 1006 4540 tempus
1028 4480 1146 4524 arcuum
1170 4479 1334 4539 apogaeum
1358 4463 1405 4520 in·

11 4591 12 4596 1
69 4551 251 4625 eludentium,
282 4562 312 4612 et
340 4560 454 4628 tempus
481 4555 649 4629 perigaeum
676 4549 900 4624 includentium,
930 4549 982 4612 aad
1007 4549 1129 4609 illinon
1158 4556 1226 4609 suut
1254 4547 1405 4625 aequales.

70 4637 200 4702 Probatur
223 4643 253 4698 in
276 4643 419 4713 numeris,
451 4656 488 4698 an
512 4640 587 4700 idem
611 4642 659 4699 sit.
703 4638 863 4712 Numerus,
887 4640 937 4716 qui
960 4646 1005 4698 est
1027 4638 1153 4697 medium
1176 4636 1404 4713 proportionale,

10 4801 13 4820 ‚
70 4728 103 4786 sit
125 4735 192 4792 100.
232 4727 398 4789 Distantiae
420 4744 572 4806 apogaeae
594 4727 720 4810 majores
742 4729 801 4787 sint
818 4733 889 4802 101,
909 4733 979 4806 102,
998 4731 1077 4808 ¹⁰35
1100 4727 1255 4810 perigaeao
1277 4725 1403 4794 minores

70 4817 114 4892 ii,
132 4821 184 4895 aa,
208 4821 263 4892 97,
287 4819 338 4884 96.

1617 1589 1621 1594 -
1619 1555 1625 1568 «
1617 1169 1618 1174 Α
1615 1083 1626 1098 .2
1624 989 1627 1002 -
1622 943 1630 962 ,,
1628 903 1629 906 „
1628 687 1631 692 ,
1623 605 1628 616 -
1613 477 1625 498 2
1620 381 1630 396 -.
1627 333 1628 336 Α
1611 233 1630 272 -,ῑ
1606 40 1636 162 23-„2-2
1622 0 1636 19 «ς

1650 1591 1657 1622 ψ-
1644 1419 1655 1430 -·
1637 1297 1661 1398 *ἴε
1644 1019 1656 1062 ιι·
1638 927 1660 952 ,“
1647 905 1654 912 =
1637 843 1660 866 ‘2
1656 817 1659 824 .
1639 759 1659 772 ;
1648 705 1652 738 ᾼ-
1634 571 1660 650 {23:²⁴
1642 521 1657 536 ι
1637 369 1662 484 2:12⁴„—
1635 265 1660 336 22:—
1634 113 1658 246 .·‘÷-“
1639 0 1656 15 ,τ

1650 1245 1688 1680 -ῂὲ-ἓέζείεῑςτ-»Ξ-,Ξρἳᾼῆἓ“’
1660 1001 1688 1214 44344ὶῄ
1650 815 1688 976 ‚2‘3-*233332
1666 699 1688 768 „4⁵0
1665 639 1673 646 ²
1661 523 1688 598 -έῄ
1662 453 1688 496 ³31?
1658 421 1688 444 .“
1661 371 1683 396 f*
1661 343 1688 356 ἴ
1652 237 1688 316 2⁸2-
1676 215 1678 224 κ
1661 173 1688 196 Γ
1658 134 1686 156 ,“
1661 62 1670 75 “
1660 10 1682 45 ’ἢ

1656 1661 1673 1702 ’τε
1651 1623 1674 1656 Ὺ·-

1639 2939 1643 2950 -
1651 2903 1656 2914 -
1642 2867 1648 2878 -
1639 2831 1643 2844 -
1640 2738 1656 2770 „-
1630 2689 1657 2712 ε
1627 2259 1656 2508 -··Ῑ
1634 2135 1655 2162 1⁵

1673 3069 1688 3094 ἑ
1660 2965 1676 2994 τι
1673 2927 1679 2938 -
1663 2851 1668 2860 ·
1659 2767 1688 2820 εὶ·-
1649 2483 1688 2758 ,κ-Ξὲἓῑῗῄΐπ
1648 2169 1688 2504 :RQ-*0³22*
1659 2127 1673 2146 ‘-

1619 2021 1632 2040 ἐ
1627 1969 1632 1998 ,ν
1617 1893 1622 1902 “
1625 1747 1636 1810 *2⁵
1629 1727 1630 1730 „

1642 2007 1667 2064 '⁶⁸³5
1637 1839 1671 1998 *jTJfT-'i-A'f‘
1665 1811 1668 1822 „.
1636 1759 1670 1796 2⁸}

1664 1715 1688 2050 ,Αῆὶἕξτδὴ-ἑΞςξ-*ῄῆ
1675 1687 1685 1702 ⁷-
