3478 5424
317 353 361 423 80
474 387 476 397 ·
837 340 998 412 Plutarchus
1017 354 1050 414 de
1067 353 1149 414 Facie
1208 381 1211 389 ι

319 544 413 596 torum
437 542 481 595 est
503 535 668 614 agendum,
690 551 748 594 non
778 544 811 596 ut
839 554 905 598 cum
933 540 1153 600 accusatoribus
1183 539 1209 600 ei
1232 539 1283 616 qui
1306 536 1343 597 ad
1371 533 1593 614 disceptandum
1613 529 1662 594 ad·

318 626 407 684 venit.
454 622 503 684 Me
526 626 615 700 igitur
638 621 726 683 hodie
748 641 897 701 uunquam
921 643 956 688 eo
979 627 1125 704 redigatis,
1149 635 1182 688 ut
1202 630 1344 686 rationem
1364 624 1484 684 reddam
1501 641 1610 696 eornm,
1631 619 1663 680 de

317 711 423 787 quibus
445 713 556 770 stoicos
578 713 732 783 accusatis,
755 714 811 770 nisi
824 715 904 789 prius
922 731 940 774 ι
956 717 1040 773 vobis
1055 733 1165 791 poenas
1182 717 1296 792 exigam
1320 714 1383 790 ejus
1406 717 1457 786 rei,
1481 710 1571 789 quod,
1595 726 1664 786 quae

317 798 423 874 supera
444 807 522 870 sunt,
547 799 638 857 iniere
660 797 755 858 facitis
778 802 807 856 in
831 800 949 861 mundo.
982 802 1028 861 ad
1052 803 1124 862 haec
1149 802 1293 862 Lucius
1316 799 1485 860 subridens:
1511 798 1598 856 modo
1613 811 1665 854 nou

316 888 414 958 nobis,
446 889 554 959 amice,
585 885 679 946 dicam
708 887 819 946 scribas
841 890 1017 965 impietatis,
1047 887 1290 966 quemadmodum
1316 887 1518 947 Aristarchum
1541 885 1664 945 Samium

318 972 475 1032 Cleanthea
499 975 612 1032 censuit
633 973 777 1033 laesarum
800 974 972 1051 religionum
996 977 1204 1053 postulandum
1226 995 1245 1036 a
1267 975 1388 1036 Graecis
1418 991 1499 1046 csse,
1531 981 1665 1048 tanquam

317 1062 368 1137 q'ui
390 1060 490 1121 mundi
514 1061 610 1120 locum
634 1070 664 1121 et
679 1061 830 1122 Vestam
822 1081 851 1120 ιιι
874 1077 954 1122 motu
977 1067 1175 1124 constituerit:
1200 1066 1270 1141 quia
1291 1065 1424 1122 nimirum
1449 1065 1495 1120 rir
1509 1058 1559 1120 hic
1577 1075 1665 1136 appa·

316 1151 426 1208 sentias
449 1148 563 1208 salvare
586 1159 752 1208 tentaverat
774 1151 983 1240 supponendo,
1018 1152 1130 1210 coelum
1161 1155 1324 1228 quiescere,
1356 1149 1475 1208 Terram
1506 1163 1577 1207 vero
1605 1163 1667 1223 per·

317 1253 415 1297 meare
438 1235 576 1296 circulum
600 1235 751 1313 obliquum
774 1224 919 1314 simulque
943 1247 972 1297 et
994 1241 1071 1298 eirca
1096 1257 1181 1298 suum
1204 1257 1287 1298 axem
1317 1239 1453 1314 torqueri.
1499 1236 1563 1295 Nos
1587 1236 1667 1310 igitur

317 1323 390 1383 nibil
413 1341 465 1400 pro
489 1326 664 1383 nobismet·
657 1327 730 1400 rpsis
759 1324 904 1399 dicemus,
930 1334 960 1383 st
983 1325 1037 1398 ilii,
1063 1329 1113 1403 qni
1136 1326 1248 1386 Lunam
1270 1331 1440 1402 supponunt
1463 1341 1529 1383 esse
1546 1322 1667 1391 Terram,

317 1428 399 1487 rogo,
424 1413 473 1486 qui
496 1413 590 1486 magis
614 1429 703 1486 quam
725 1428 779 1470 nos
802 1429 908 1488 supera
931 1414 1041 1472 iaciunt
1057 1414 1156 1487 infera,
1180 1430 1245 1472 cunr
1261 1431 1314 1471 nos
1330 1413 1449 1471 Terram
1473 1411 1521 1469 hic
1544 1409 1668 1469 locemus

318 1500 346 1554 in
371 1501 439 1557 aiire
470 1515 658 1573 suspensam,
691 1515 768 1574 quae
800 1500 891 1560 multo
921 1500 1015 1576 muJ'or
1046 1509 1090 1560 est
1118 1518 1206 1578 quam
1232 1499 1332 1574 Luna,
1364 1497 1615 1576 quemadmodum
1644 1493 1668 1552 id

318 1586 517 1645 mathematici
550 1603 585 1644 ex
609 1585 744 1660 deliquiis
773 1603 867 1662 exque
895 1589 1056 1647 incessione
1079 1588 1180 1648 Lunae
1209 1605 1260 1664 per
1289 1588 1434 1658 umbram,
1467 1584 1669 1662 applicationis

317 1689 370 1732 scu
393 1689 492 1732 morae
515 1672 744 1776 magnitudinem
761 1672 953 1747 dimetientes,
972 1663 1214 1757 (demonstrant).
1242 1675 1318 1734 Nam
1342 1683 1371 1733 et
1386 1679 1480 1732 minor
1494 1677 1562 1749 ipsa
1578 1671 1669 1738 Terra,

319 1762 458 1835 amajori
482 1762 590 1836 quippe
614 1759 805 1832 illuminante,
830 1760 962 1836 dirigitur
983 1764 1093 1829 umbra
1118 1772 1147 1821 et
1169 1763 1279 1838 hujus·
1272 1765 1364 1839 ipsius
1380 1756 1503 1841 (conum
1520 1757 1671 1835 pertransit

318 1845 419 1922 Luna)
443 1857 559 1907 tenuem
582 1849 753 1906 existentem
777 1849 805 1904 in
828 1851 976 1924 superiore
999 1852 1043 1908 sui
1067 1859 1149 1925 parte
1166 1858 1195 1910 et
1209 1851 1349 1908 strictum.
1379 1847 1498 1908 Hosne
1514 1846 1670 1906 Homerum

250 1956 252 1962 ’
318 1936 445 2010 quidem,
472 1943 504 1993 ιιι
518 1934 651 2011 perhibet
668 1929 851 2018 (interpres),
869 1936 963 2006 latuit,
979 1936 1031 1996 scd
1047 1945 1160 1995 noctem
1176 1939 1199 1996 is
1212 1940 1298 2012 jaculi
1317 1939 1439 2009 epitheto
1467 1932 1670 1994 acuti-rolan-

316 2029 375 2082 tem
398 2021 569 2102 appellavit,
592 2033 711 2098 propter
733 2022 854 2081 umbrae
875 2023 997 2099 figuram
1021 2026 1224 2085 acuminatam.
1257 2023 1295 2082 Et
1309 2031 1406 2082 tamen
1422 2023 1460 2082 ab
1482 2022 1540 2082 hoc
1556 2019 1671 2078 umbrae

257 2163 258 2172 ,
316 2127 453 2170 mucrone
477 2112 638 2186 intercepta
661 2108 746 2169 huns
775 2111 825 2166 vix
847 2127 934 2186 aegre
963 2112 1055 2170 trihus
1085 2114 1214 2188 corporis
1243 2113 1289 2169 sui
1313 2112 1457 2170 mensuris
1479 2127 1512 2170 ιι
1537 2107 1670 2184 explieat.

260 2180 267 2200 χ
315 2197 482 2274 Perpende,
507 2213 630 2272 quasso,
655 2205 727 2272 quot
750 2195 849 2255 Lunae
873 2197 963 2256 Terra
985 2204 1106 2273 aequet,
1129 2201 1153 2257 si
1176 2199 1250 2258 haec
1272 2199 1404 2256 umbram
1428 2197 1563 2274 projicit,
1594 2194 1672 2278 cuius

316 2286 470 2361 trajectus,
505 2301 563 2360 qua
581 2293 674 2360 parte
698 2286 722 2344 is
746 2286 863 2342 omnino
897 2285 1099 2354 brevissimus,
1130 2286 1257 2362 spatium
1286 2294 1383 2344 tamen
1413 2287 1500 2344 trium
1523 2282 1672 2342 Lanarum

316 2380 434 2447 aequat.
480 2371 545 2430 Hoc
568 2381 666 2430 tamen
694 2387 751 2428 nou
783 2379 894 2430 attento
928 2390 980 2431 vos
1013 2372 1048 2431 de
1072 2371 1155 2432 Luna
1185 2371 1304 2448 quidem
1331 2375 1402 2432 estis
1434 2371 1555 2430 solliciti
1581 2385 1617 2428 ne
1640 2365 1672 2426 de

316 2457 399 2518 coelo
414 2457 501 2518 cadat
513 2457 550 2537 (si
565 2469 658 2518 terrea
671 2457 724 2516 ills
739 2461 907 2534 statuatur),
931 2457 967 2518 de
982 2459 1073 2518 Terra
1089 2475 1157 2519 vero
1173 2462 1237 2536 ipsa
1251 2458 1418 2537 Aeschylus
1435 2459 1528 2532 vobis,
1553 2457 1672 2528 scilicet,

316 2547 472 2623 persuasit,
496 2545 575 2622 quod
588 2543 684 2604 ‚Atlas

618 2631 729 2690 Terrae
749 2631 873 2707 polique
894 2639 949 2691 stet
970 2633 1145 2692 columnam
1165 2634 1316 2712 fulciam

612 2719 755 2777 Immone
776 2722 860 2808 stipis
879 2719 1002 2793 pondus
1024 2719 1156 2778 humeris
1178 2725 1337 2780 sustinens.

317 2805 430 2884 Quodsi
452 2806 554 2866 Lunae
577 2805 696 2882 quidem
719 2807 765 2880 (ut
787 2785 930 2883 objicitis)
952 2805 1024 2865 nihil
1047 2808 1161 2866 substat
1184 2809 1239 2866 nisi
1260 2806 1421 2884 perflabilis
1442 2811 1503 2881 ιιι,
1527 2807 1582 2882 qui
1598 2802 1675 2862 nulla

315 2896 454 2956 facultate
477 2893 569 2971 pollet
591 2893 782 2969 supportandi
805 2891 911 2952 molem
934 2892 1062 2970 aliquam
1093 2892 1234 2968 solidam,
1266 2895 1386 2955 Terram
1414 2909 1485 2952 vero
1513 2890 1675 2952 secundnm

315 2982 475 3042 Pindarum
498 2982 658 3042 columnae
679 2981 814 3057 salmani
834 2981 987 3038 laterculis
1009 2981 1218 3040 adamantinis
1232 2986 1471 3042 statuminotae:
1494 2996 1625 3058 eamque
1641 2977 1675 3036 ob

317 3087 435 3129 causam
458 3069 625 3127 Pharnaces
655 3070 718 3144 ipse
746 3067 864 3142 quidem
887 3084 1005 3126 securus
1028 3077 1072 3126 est
1094 3085 1265 3145 vacuusque
1288 3079 1369 3130 metu
1396 3085 1484 3129 casus
1508 3067 1675 3138 Terrarum,
1730 3091 1731 3104 ι

315 3166 347 3215 ιι
369 3174 420 3233 pro
444 3158 479 3214 iis
502 3155 641 3232 trepidat,
675 3157 781 3230 quibus
805 3154 937 3229 trajectio
961 3154 1221 3231 corporis-lunaris
1245 3159 1391 3228 imminet,
1422 3149 1628 3232 Aethiopibus
1650 3161 1675 3210 et
1729 3199 1731 3224 ,

317 3244 534 3320 Taprobaneis,
558 3260 594 3301 no
617 3249 730 3301 tantum
754 3244 833 3316 ipsos
855 3240 970 3317 pondus
993 3240 1143 3317 delapsum
1167 3246 1321 3319 opprimat.
1367 3244 1453 3302 Enim
1477 3258 1548 3302 vero
1577 3241 1675 3300 Lunae
1730 3257 1731 3316 j

317 3330 355 3389 ad
379 3330 443 3401 hoc,
466 3349 502 3391 ne
526 3329 650 3400 decidat,
673 3328 804 3388 subsidio
828 3331 908 3387 veuit
931 3331 992 3404 ipse
1015 3335 1110 3388 motus
1127 3338 1339 3406 contentaeque
1357 3330 1520 3390 volutionis
1537 3330 1674 3405 impetus,
1729 3329 1731 3362 r

317 3428 351 3476 ut
372 3417 404 3476 fit
427 3420 455 3474 in
480 3420 523 3488 iis,
548 3433 624 3493 quae
648 3414 755 3475 lundae
778 3417 952 3488 inseruntur,
976 3418 1081 3490 quibus
1103 3418 1256 3476 rotationis
1279 3419 1436 3492 pernicitas
1460 3425 1599 3492 praestat
1623 3416 1676 3472 im·
1728 3429 1731 3444 ¹

318 3503 526 3581 pedimentum,
550 3522 586 3564 ne
611 3503 645 3562 de
668 3503 758 3562 lunda
781 3501 919 3562 defluant.
963 3499 1152 3578 Unaquaevis
1176 3505 1251 3562 enim
1274 3521 1320 3563 res
1344 3521 1364 3562 a
1386 3512 1468 3562 motu
1493 3503 1562 3576 illo,
1592 3518 1677 3578 quem
1730 3527 1731 3548 ι

318 3591 409 3651 habet
431 3611 449 3651 a
471 3601 576 3651 natura
602 3592 757 3663 tributum,
790 3592 911 3664 regitur,
941 3591 966 3646 si
993 3588 1065 3647 nihil
1093 3593 1281 3662 interveniat,
1312 3591 1392 3666 quod
1421 3593 1520 3667 ipsam
1550 3595 1677 3649 avertat.
1730 3601 1731 3636 1

317 3677 478 3754 Propterea
501 3678 585 3736 hirae
607 3694 663 3737 non
688 3679 796 3753 regitur
819 3692 837 3735 a
859 3691 913 3735 suo
936 3674 1079 3751 pondere,
1110 3686 1142 3736 ut
1172 3678 1254 3753 cujus
1277 3675 1433 3738 illecebrae
1458 3677 1497 3738 ad
1520 3684 1677 3736 motuma
1729 3687 1731 3754 ζ

318 3767 584 3825 circumvolutionis
607 3767 717 3839 impetu
740 3763 941 3821 discutiuntur.
987 3763 1063 3821 Illud
1085 3767 1184 3839 potius
1216 3781 1270 3823 nos
1299 3767 1397 3823 mirari
1431 3768 1625 3838 conveniret,
1655 3763 1679 3821 ri
1730 3833 1731 3842 ἦ

318 3851 403 3912 Luna
425 3862 459 3912 ut
481 3853 571 3912 Terra
593 3863 692 3910 nostra
714 3851 779 3910 loco
809 3853 980 3909 consisteret
1008 3853 1123 3926 penitus
1152 3852 1368 3928 immobilisque
1400 3860 1487 3912 esset.
1538 3857 1579 3911 nt
1603 3865 1679 3908 nunc
1730 3885 1731 3928 p

318 3937 404 3998 Luna
426 3939 542 4015 quidem
566 3955 684 3996 causam
707 3937 797 3996 babet
820 3934 928 4013 oppido
952 3955 1096 4012 magnam,
1121 3955 1171 3996 eur
1186 3939 1243 3997 huc
1259 3941 1287 3996 in
1304 3939 1425 3998 Terram
1442 3956 1502 3998 non
1520 3939 1678 4010 deleratur,
1730 3975 1731 3986 .

318 4025 408 4087 Terra
431 4043 511 4097 vero,
535 4043 599 4091 cunr
623 4024 735 4084 nullum
757 4023 847 4083 alium
870 4033 978 4083 motum
1002 4027 1041 4083 sit
1062 4032 1199 4083 enatura
1221 4027 1333 4096 sortita,
1358 4025 1461 4086 debuit
1485 4029 1593 4103 utique
1616 4026 1680 4085 loco
1729 4039 1731 4048 ’

318 4116 477 4174 consistere
500 4116 538 4172 ob
561 4113 654 4171 solem
673 4121 848 4188 gravantem
871 4113 1032 4170 materiam.
1064 4111 1115 4172 Est
1138 4120 1235 4171 autem
1251 4113 1369 4187 gravior
1391 4131 1481 4190 quam
1498 4113 1598 4184 Luna,
1624 4129 1680 4171 non

318 4211 431 4262 tantum
455 4212 564 4276 quanto
588 4210 634 4258 est
656 4199 757 4274 major,
781 4196 833 4257 sed
856 4197 948 4256 mulro
970 4200 1072 4273 magis,
1093 4199 1204 4276 quippe
1228 4200 1301 4259 haec
1323 4218 1375 4276 per
1398 4203 1528 4261 calorem
1553 4210 1585 4261 et
1609 4217 1681 4260 eru·

318 4293 452 4360 ationem,
472 4289 621 4346 secundum
639 4287 748 4356 stoicos,
768 4283 860 4343 levior
883 4292 927 4342 est
949 4284 1035 4344 iacta.
1066 4287 1164 4361 Atque
1187 4291 1304 4346 omnino
1328 4305 1363 4346 ex
1379 4291 1424 4362 iis,
1451 4305 1531 4364 quae
1548 4296 1580 4347 tu
1601 4287 1680 4356 dicis,

318 4375 453 4437 concludi
477 4375 600 4446 videtur,
624 4372 747 4442 Lunam,
771 4369 914 4446 siquidem
937 4372 1011 4447 ignis
1034 4379 1093 4444 est,
1117 4381 1198 4432 tanto
1221 4375 1315 4452 magis
1338 4374 1470 4451 indigere
1486 4375 1592 4446 Terra,
1618 4391 1681 4432 ma·
1730 4449 1731 4454 η

319 4467 393 4524 teria
413 4465 548 4521 nimirum
571 4477 658 4536 quam
682 4460 759 4533 ignis
781 4458 924 4516 inhabitet
947 4466 976 4516 ιι
999 4461 1045 4518 cui
1069 4457 1193 4520 adnatus
1215 4463 1261 4534 sit,
1287 4463 1316 4518 in
1339 4478 1401 4537 qua
1423 4471 1453 4522 et
1476 4465 1634 4522 contineat
1655 4467 1682 4518 et

320 4553 477 4612 exsuscitet
504 4548 673 4609 facultatem
702 4561 795 4606 auam.
840 4542 928 4603 Nullo
957 4547 1032 4604 enim
1057 4548 1184 4622 cogitatu
1214 4554 1311 4623 potest
1339 4548 1496 4624 explicari,
1529 4545 1681 4626 quomodo

255 4645 256 4648 ’
320 4641 396 4716 ignis
424 4638 532 4714 aliquis
563 4637 625 4694 sios
658 4634 781 4692 materis
811 4631 904 4707 possit
931 4634 1106 4693 conservari.
1151 4633 1254 4693 Dicitis
1277 4651 1346 4694 vcro
1370 4653 1440 4710 vos,
1467 4636 1594 4697 Terram
1620 4639 1681 4696 sine

319 4725 508 4786 fundamento
533 4722 580 4783 vel
602 4721 699 4780 radice
723 4721 890 4778 consistere.
943 4745 946 4750 ·

356 4821 363 4834 ‘
425 4811 551 4876 Omnino
569 4825 648 4886 vero,
672 4805 821 4884 respoudit
843 4803 1082 4880 Pharnaces,
1105 4807 1213 4884 quippe
1237 4825 1303 4868 cum
1318 4811 1470 4887 proprium
1493 4811 1635 4872 obtineat
1656 4815 1683 4870 et
