3478 5424
531 369 535 394 ι
579 469 582 481 ,
645 414 673 471 iu
691 415 764 472 Orbe
779 418 885 474 ¹lunae.
1397 420 1439 488 35

10 609 13 630 ·
82 589 413 671 immutaturum,
435 596 466 655 in
488 611 576 672 qnam
598 602 802 672 peruenerunt,
825 595 927 657 vieta?
970 594 1037 658 lion
1060 597 1136 658 enin
1158 597 1228 659 iroo
1242 599 1297 658 erit
1318 604 1440 661 naturae

83 677 162 740 eoeli
185 679 380 755 imbuendum,
403 688 437 742 ut
457 682 573 744 levibus
594 681 714 761 quidem
735 684 842 760 eripiat
855 690 968 744 motum
981 682 1021 744 ad
1034 685 1193 762 superiora,
1215 686 1355 761 gravibus
1369 703 1441 748 vero

10 829 11 834 ,
82 773 113 828 st
136 766 277 828 deorsum
304 768 492 830 tendentibus
511 787 574 849 par
603 787 667 832 esse
690 777 836 848 nequeat3
866 773 936 848 quin
964 775 1064 849 potius
1087 771 1190 832 eadem
1217 771 1357 835 facultate
1380 790 1441 849 qus

10 889 11 896 ι
81 853 150 929 ilia,
175 858 266 916 etiam
287 858 344 916 iata
366 857 590 936 transfigurans,
621 863 809 935 utrorumque
831 867 937 920 ustura
960 875 1014 920 usa
1036 865 1083 921 sat
1104 859 1142 919 ed
1165 859 1378 937 procurandum
1399 860 1439 935 id,

83 941 169 1020 qnod
193 949 258 1004 erat
278 943 391 1004 melius.
1164 1023 1167 1028 ,
1459 1005 1463 1016 ,

192 1029 272 1107 Quin
286 1032 345 1092 imo
359 1034 384 1092 si
397 1033 554 1110 profligata
577 1033 628 1094 illa
649 1035 791 1094 servituto
812 1031 975 1093 animorrun
998 1033 1172 1108 (eurumque
1193 1034 1244 1110 qni
1266 1049 1322 1094 nos
1334 1041 1441 1096 aueto-

79 1118 172 1177 ritats
194 1117 368 1196 percellant)
390 1118 507 1197 pleoitis
530 1119 673 1195 dimissis,
696 1121 822 1198 ingenue
843 1119 978 1198 proloqui
1003 1127 1130 1198 oportet,
1160 1119 1240 1198 quod
1261 1121 1361 1198 palam
1383 1139 1439 1200 ep·

81 1211 187 1282 paret:
217 1205 299 1268 nulia
320 1206 439 1284 quidem
461 1210 553 1268 totius
573 1209 703 1268 universi
724 1223 793 1285 pars
814 1209 880 1285 ipsa
901 1223 933 1268 se
955 1209 1020 1286 ipsa
1040 1208 1190 1286 proprium
1212 1208 1323 1284 iooum,
1350 1209 1439 1270 situm

79 1298 258 1370 motumque
288 1293 371 1354 illum
399 1296 455 1356 sibi
485 1295 634 1356 rindiusro
662 1294 794 1366 ridetur,
825 1312 914 1372 quem
940 1297 1007 1372 quis
1029 1297 1057 1356 ei
1079 1294 1249 1374 simplieiter
1276 1295 1439 1357 naturalem

10 1455 12 1466 Ι
80 1379 249 1457 indigetare
271 1384 374 1459 possit,
396 1381 593 1444 sedulitas
614 1385 738 1462 quasvis
760 1381 802 1442 iiii
825 1381 884 1456 tini,
907 1381 991 1459 euius
1013 1399 1104 1444 eausa
1119 1385 1351 1460 exstitituuiqus
1368 1391 1439 1445 nats

11 1493 12 1498 ¹
80 1467 224 1544 laetaque
246 1477 300 1544 sst,
324 1469 425 1532 utilem
445 1488 512 1532 sesa
535 1477 564 1532 et
579 1473 800 1532 eonvenientem
816 1472 845 1530 in
858 1475 945 1531 motu·
954 1470 1130 1547 praebuerit,
1154 1471 1255 1548 sieque
1276 1469 1325 1532 rel
1339 1488 1440 1549 passa,
1483 1499 1486 1508 v

81 1554 130 1615 rel
155 1563 289 1633 operata,
312 1556 359 1617 roi
383 1557 526 1636 disposita
547 1558 642 1633 inerit,
666 1560 709 1619 uti
732 1559 759 1619 ei
781 1556 832 1616 tini
854 1573 909 1617 suo
931 1557 982 1618 rei
1000 1557 1040 1620 ad
1053 1559 1313 1633 conservationem,
1336 1557 1385 1622 rel
1401 1558 1443 1618 ad
1501 1612 1506 1622 ,

10 1665 11 1668 “
83 1653 234 1717 ornatum,
258 1644 306 1704 rel
327 1644 366 1705 ad
387 1648 465 1708 vires
487 1644 639 1723 augendas
661 1645 845 1706 commodum
866 1644 968 1706 inerit:
990 1651 1060 1706 tuno
1075 1643 1192 1724 demum
1206 1662 1303 1706 eures
1317 1652 1441 1708 naturae

82 1747 157 1792 suae
192 1733 414 1794 eoureuienteru
442 1733 553 1808 ionum,
583 1740 694 1795 motum
725 1731 984 1811 dispositionemre
1012 1734 1145 1794 obtinere
1167 1730 1291 1793 videtur.
1335 1731 1442 1810 ltaque

10 1821 12 1832 '
82 1819 189 1892 homo,
212 1827 354 1896 tanquam
376 1823 438 1898 qui,
460 1823 486 1880 si
507 1820 579 1898 quid
600 1820 682 1881 aliud
703 1837 803 1882 eorum
826 1837 902 1897 quae
923 1826 1002 1899 sunt,
1024 1822 1150 1880 maxims
1171 1819 1331 1882 seeundum
1353 1829 1442 1881 natu·

10 1925 11 1930 ¹
86 1923 149 1966 ram
174 1908 298 1982 exstitit,
321 1910 353 1968 in
373 1925 480 1987 supera
502 1909 620 1987 quidem
642 1917 724 1986 purte
747 1909 876 1985 eorporis
897 1905 988 1967 habet
1009 1907 1139 1969 membra
1160 1915 1254 1969 terres
1276 1914 1305 1968 ei
1326 1907 1441 1986 ponde-
1546 1946 1549 1953 ·
1596 1867 1599 1874 .
1642 1883 1649 1898 ’

10 1989 11 2054 s
81 2011 167 2070 rosa,
201 1992 359 2072 praecipue
381 1997 411 2054 iu
434 1997 545 2074 eapite,
576 1999 607 2055 in
628 1995 725 2056 media
748 2013 817 2056 vero
839 1995 958 2070 regions
978 1993 1093 2056 servitia
1114 2003 1143 2056 et
1165 1998 1261 2072 ignea.
1306 1995 1344 2054 ito
1366 1994 1441 2056 den·

10 2103 12 2108 ’
82 2083 157 2142 tium
182 2081 301 2160 quidem
318 2082 369 2143 aiii
384 2081 528 2158 deorsum,
553 2082 604 2143 aiii
618 2077 734 2144 snrsnin
749 2089 932 2156 enasountur,
955 2083 1049 2142 uenni
1065 2089 1162 2144 tamen
1177 2089 1292 2160 praeter
1306 2088 1440 2142 naturam

10 2191 12 2230 ι
82 2187 170 2230 suam
195 2172 370 2248 attinentem
392 2187 488 2249 neque
510 2173 597 2248 ignis,
619 2173 670 2249 qui
693 2169 811 2248 quidem
832 2170 968 2247 superius
990 2187 1028 2231 ex
1043 2171 1137 2231 oeulis
1152 2170 1258 2245 elucet,
1280 2167 1442 2230 seeundum

10 2319 11 2340 ρ
83 2264 237 2333 naturam,
271 2259 322 2335 qni
353 2273 423 2319 vero
445 2260 475 2318 iu
497 2258 659 2320 visceribus
681 2265 711 2319 at
731 2259 762 2316 iu
784 2255 885 2329 eorde,
917 2263 1019 2319 eontra
1038 2263 1175 2320 naturam
1202 2263 1247 2320 ast
1268 2257 1355 2332 situs,
1387 2254 1441 2318 ssd

10 2369 11 2378 ι
83 2344 207 2424 ringula
227 2347 434 2408 eonvenienter
456 2353 486 2406 et
507 2363 544 2408 ex
565 2345 693 2408 utilitate
714 2353 784 2406 sunt
804 2343 957 2422 disposita

10 2433 12 2474 ῑ
346 2433 423 2493 Vera
442 2433 580 2511 squidem
604 2436 683 2496 ustis
704 2432 842 2509 lapidoso
863 2432 992 2494 boemos
1010 2447 1102 2508 noro,

343 2519 1153 2598 Turudoque--etomoeeoreolrommperrua

10 2641 12 2670 i
83 2607 309 2686 contemplanti
331 2609 408 2669 enim
431 2609 540 2686 (inquit
559 2603 764 2687 Empedooles)
785 2613 920 2668 usturam
942 2622 1051 2682 eornm,

10 2693 12 2766 ζ
340 2697 469 2758 osum
488 2700 547 2757 erit
568 2713 715 2772 suprema
734 2703 920 2771 proruentem
942 2702 1064 2770 terpora
1090 2692 1228 2767 Terram,

10 2837 11 2856 1
82 2799 182 2860 neque
210 2787 307 2842 tamen
338 2785 419 2844 oneri
440 2791 498 2859 est,
527 2801 623 2861 neque
645 2783 809 2861 comprimit
836 2781 970 2842 habitum
999 2783 1144 2860 eorporis,
1174 2780 1346 2840 inonmbens
1366 2779 1441 2842 haee

10 2923 12 2954 ξ
82 2869 225 2948 lapidosa
247 2887 354 2946 massa,
377 2887 431 2932 nee
451 2871 597 2947 vicissim,
621 2869 701 2948 qnod
724 2877 770 2931 est
790 2871 820 2930 iu
843 2871 879 2930 iis
901 2875 1023 2929 naturae
1046 2867 1171 2942 calidae,
1194 2869 1224 2926 iu
1245 2865 1442 2946 supersideo

84 2959 184 3036 spatia
208 2957 248 3017 ob
270 2957 432 3020 levitatem.
449 2957 563 3034 evolat,
593 2957 646 3020 sed
670 2959 826 3018 oommirtu
852 2954 1070 3034 quodammodo
1098 2958 1286 3031 intorquere
1308 2970 1440 3016 ooouera

10 3065 12 3124 ρ
84 3054 155 3107 sunt
177 3043 340 3123 secuudum
361 3046 594 3124 noinsonjnsqns
616 3043 797 3125 (compositi)
818 3051 962 3106 naturam:

10 3151 12 3200 3
194 3131 246 3194 ste
268 3134 357 3210 igitur
379 3135 467 3194 etiam
490 3151 554 3194 oum
577 3135 642 3213 ipso
665 3149 772 3209 magno
794 3130 904 3192 mundo
919 3135 1119 3208 comparatum
1134 3146 1198 3190 esse
1214 3136 1442 3190 cousentaneum

10 3223 12 3294 ἶ
84 3227 138 3296 est,
162 3228 208 3294 nt,
231 3221 378 3297 siquidem
399 3220 450 3282 iiia
472 3221 580 3281 animal
603 3227 662 3295 est,
684 3219 785 3280 multis
807 3221 837 3278 iu
859 3218 933 3280 loeis
954 3225 1061 3279 terram
1082 3217 1200 3290 habeat,
1222 3213 1321 3276 multis
1343 3217 1442 3292 ignem

84 3317 114 3372 et
135 3325 250 3384 aquam
273 3315 302 3368 et
324 3308 492 3385 spirabilem
514 3316 657 3382 naturam,
679 3325 739 3367 non
754 3307 938 3368 neo'essitatis
952 3305 1053 3382 aliqua
1068 3307 1283 3382 eompreasione
1297 3304 1356 3363 hue
1371 3302 1442 3364 ilino

10 3391 12 3474 l
85 3397 169 3468 elisa,
196 3395 249 3455 sed
271 3413 387 3456 summe
408 3397 521 3463 ratione
545 3397 717 3456 concinnata
740 3401 770 3456 et
791 3401 931 3454 exornata
953 3391 1090 3468 undique.
1127 3391 1230 3468 Neque
1245 3393 1321 3451 enim
1338 3389 1441 3451 oeulus

10 3483 13 3552 j.
85 3487 114 3542 iu
136 3484 220 3543 huno
242 3482 338 3543 iorum
361 3485 490 3560 eorporis
513 3483 602 3544 elisas
624 3489 669 3543 est
690 3482 844 3544 alaritute
866 3497 930 3556 ιιι,
952 3497 1048 3557 neque
1066 3495 1124 3553 oor,
1147 3477 1275 3556 pondere
1298 3493 1352 3537 suo
1376 3494 1442 3537 oes-

10 3561 12 3628 l
85 3573 204 3648 pitens,
234 3573 264 3628 iu
287 3570 457 3646 praecordia
479 3570 646 3648 prolapsum
669 3579 729 3645 est,
757 3568 809 3632 ssd
831 3570 902 3646 quia
923 3570 966 3628 sio
987 3567 1185 3640 meiiuserst,
1208 3582 1262 3626 suo
1285 3573 1441 3641 utrumque

10 3693 11 3724 ;
84 3659 151 3720 loeo
183 3663 230 3718 esi
259 3657 445 3720 oollooatnm.
491 3658 568 3736 Ergo
598 3660 686 3734 igitur
718 3673 813 3734 neque
842 3673 879 3716 ex
905 3657 1004 3732 magui
1030 3653 1130 3712 muudi
1159 3654 1294 3712 membris
1320 3652 1441 3712 Terram

10 3745 17 3800 l
86 3746 207 3825 quidem
230 3746 403 3806 arbitremur
419 3746 467 3807 irie
482 3763 546 3807 asse
561 3748 656 3819 dmm,
679 3745 816 3805 eonflnxu
831 3745 965 3822 marium
980 3748 1182 3802 eoseerratam
1202 3741 1240 3806 ob
1255 3741 1441 3816 gravitatem,

10 3849 12 3914 i
87 3851 185 3912 neone
207 3831 307 3894 Solem
331 3833 377 3909 (ut
398 3833 584 3895 Metrodorus
599 3832 690 3893 Chius
713 3840 758 3893 est
781 3830 930 3909 opinatus)
953 3829 991 3889 ed
1014 3828 1177 3906 exemplum
1200 3830 1272 3888 utris
1294 3825 1386 3886 inflati
1409 3829 1440 3886 in

10 3919 14 4008 ξ
85 3937 225 4001 superam
248 3923 396 3997 regionem
419 3941 438 3982 a
458 3920 589 3982 irritatis
611 3922 765 3981 momentis
794 3919 912 3995 eduum,
940 3933 1037 3994 neque
1062 3923 1142 3977 astra
1167 3915 1279 3992 reliqua
1301 3920 1443 3992 tauquam

85 4013 115 4070 in
136 4015 253 4070 statera
279 4007 403 4070 divorsis
428 4009 559 4069 levitatis
575 4010 741 4068 momentis
770 4009 894 4066 nitentia
923 4006 951 4064 in
982 4022 1037 4065 sua
1064 4002 1117 4063 iiia
1144 4003 1227 4077 iooa,
1258 4019 1334 4079 quae
1363 4003 1443 4062 obti-

10 4089 12 4142 l
85 4107 165 4171 nent,
191 4095 311 4172 singula
332 4095 494 4170 devenisse,
516 4094 569 4157 sed
591 4113 656 4156 eum
680 4095 724 4154 ris
745 4095 865 4154 rationis
889 4089 1067 4166 dominetur,
1088 4091 1141 4150 iila
1162 4089 1280 4168 quidem
1303 4098 1443 4165 tunquam

89 4182 176 4246 oeelii
191 4183 325 4244 inuenies
339 4180 376 4242 sd
392 4185 498 4244 laniem
512 4185 603 4244 totius
618 4183 747 4243 universi
764 4181 887 4259 religata
901 4181 1160 4252 attenuent-siunt,
1183 4178 1330 4252 solvero,
1347 4176 1442 4238 eordis
1462 4233 1465 4241 ,

89 4270 242 4350 quandam
263 4270 433 4332 laenitatem
458 4273 601 4345 obtinens,
626 4269 715 4330 veluti
739 4271 910 4345 sauguinem
933 4273 963 4328 ot
984 4269 1117 4344 spiritum
1138 4267 1258 4326 vitalem
1274 4281 1317 4326 *ax
1332 4281 1363 4324 ss
1378 4267 1443 4340 ipso

90 4359 241 4420 distribuit
256 4363 287 4417 et
301 4357 437 4420 diffundit
459 4357 585 4418 ealorenr
608 4363 638 4418 et
659 4356 767 4430 iuuern,
790 4365 867 4416 terra
887 4370 958 4415 vero
979 4362 1009 4414 et
1024 4355 1108 4431 aquis
1122 4355 1241 4413 marinis
1263 4351 1302 4412 ad
1322 4358 1444 4412 naturae

91 4464 181 4526 opera
205 4447 297 4504 utitur
317 4445 453 4520 mundns,
475 4454 509 4506 ut
531 4443 639 4505 animal
661 4449 761 4504 nanus
778 4450 808 4504 et
821 4443 920 4504 vesica
932 4437 984 4524 ¹¹¹).
1015 4441 1101 4502 Ituna
1115 4441 1240 4517 denique
1255 4439 1355 4500 Solem
1369 4441 1445 4498 inter

91 4533 411 4607 sturmariorum,
440 4539 475 4593 nt
495 4549 579 4610 epar,
610 4533 709 4592 vostea
732 4539 783 4591 out
805 4529 884 4591 aliud
907 4528 1028 4607 aliquod
1055 4527 1144 4588 molle
1173 4529 1271 4589 risone
1297 4527 1373 4586 inter
1395 4541 1444 4586 eor

92 4631 121 4682 ot
134 4625 227 4681 imum
244 4628 385 4696 ventrem,
408 4621 482 4683 iraso
495 4622 616 4696 inquam
630 4635 649 4679 e
662 4621 795 4695 supernis
817 4617 935 4694 quidem
958 4615 1083 4678 oaiorenr
1105 4616 1163 4676 irue
1185 4614 1224 4676 ad
1244 4629 1298 4673 nos
1320 4611 1443 4689 derivat,

93 4708 297 4770 exhalationes
320 4725 400 4786 vero,
425 4724 502 4787 quas
516 4708 585 4768 hius
599 4725 618 4766 a
632 4707 717 4766 uobis
733 4707 904 4779 ascendunt,
926 4711 1060 4766 attenuat
1082 4706 1213 4764 oootiona
1228 4708 1257 4762 et
1271 4703 1445 4778 purgatione

93 4797 194 4874 adque
215 4798 383 4872 oiroumque
413 4798 561 4875 seipsam
587 4795 665 4856 iores
688 4791 770 4854 didit.
813 4793 891 4854 lium
913 4793 1030 4869 insuper
1053 4793 1141 4853 etiam
1163 4789 1201 4850 ed
1224 4787 1306 4850 aliud
1332 4788 1445 4868 aliquid

92 4884 174 4951 utilis
196 4891 227 4952 et
249 4891 418 4969 opportuna
438 4883 478 4948 sii
498 4891 605 4946 natura
625 4883 691 4962 ejus
711 4887 806 4946 terrea
828 4889 858 4943 et
878 4878 983 4958 solda,
1006 4878 1037 4941 id
1058 4897 1129 4952 uero
1151 4893 1205 4940 uos
1225 4875 1307 4957 lutat
1350 4931 1357 4940 ,
