3478 5424
486 349 575 414 Notae
591 348 773 419 insomnium
791 356 1016 415 Aeuouomitunt.
1390 337 1432 427 bb
1475 423 1479 430 ,

76 524 320 583 observationibus.
355 527 452 600 Itaque
469 531 596 588 monendi
619 539 684 590 sunt
702 531 899 597 observatores,
924 531 1067 598 tabellam,
1093 548 1164 603 quoa
1181 531 1297 602 suscipit
1314 531 1433 604 effigiem

75 607 147 660 Solis
166 605 327 669 deficientis,
346 617 472 676 oportere
484 613 613 666 munitam
631 625 694 668 esse
712 621 808 671 contra
821 627 926 666 omnem
937 610 1126 668 titubationem
1145 629 1304 684 semperque
1317 629 1433 684 perpen-

11 689 12 692 ’
75 685 236 740 diculariter
254 685 335 755 objici
352 686 476 744 foramini
493 691 521 744 iu
539 691 634 748 eadem
653 690 790 746 distantia
821 690 891 745 Nam
909 690 933 745 si
945 688 1080 751 deflectat,
1098 691 1303 760 distorquentur
1320 692 1433 748 circum·

74 762 210 820 terentiae
229 765 329 834 speciei
346 763 479 822 lucidae
472 785 553 840 mque
571 769 705 840 ellipticas
724 771 890 838 degenerant
908 768 1121 824 acircularibua
1146 769 1277 824 Viderit
1269 779 1362 839 utaque
1380 769 1434 825 dis·

75 852 200 912 pacator,
217 859 254 898 an
273 845 340 900 satis
358 845 422 900 huic
439 846 610 904 incommodo
628 850 808 920 prospexerit

184 921 264 989 Quod
281 939 338 978 rem
361 925 449 993 ipsam
471 927 582 992 attinet,
605 945 655 999 pro
679 944 763 984 causa
785 930 932 986 diminutae
957 926 1081 982 diametri
1102 927 1260 988 adductam,
1285 928 1349 997 quia
1374 943 1434 982 eam

77 1005 167 1073 ipsam
185 1019 237 1072 per
254 1019 284 1058 se
302 1019 356 1057 non
374 1019 459 1073 nego,
482 1005 634 1064 docendum
652 1012 733 1064 etiam
752 1017 807 1074 est,
826 1026 874 1066 cur
891 1009 960 1062 haec
978 1018 1061 1060 cansa
1080 1004 1264 1060 diminutionis
1281 1005 1355 1060 illius
1373 1021 1434 1062 esse

10 1149 12 1156 Ι
75 1099 131 1138 non
151 1084 251 1154 possit.
285 1083 431 1153 Nimirum,
451 1087 515 1154 qnia
533 1088 613 1141 etiam
631 1086 769 1156 pellucida
786 1088 909 1144 umbram
932 1083 1066 1140 auant
1058 1099 1085 1138 ra
1103 1083 1167 1140 Sole
1191 1083 1331 1140 collocata
1367 1085 1433 1140 Pro·

10 1173 14 1192 ·
76 1161 141 1218 bari
158 1164 187 1218 in
206 1162 309 1232 Opticis
329 1165 519 1234 experimentis
544 1164 635 1221 bullae
657 1167 772 1234 vitreae,
795 1181 866 1236 aqua
888 1165 998 1235 plenae;
1022 1179 1056 1218 ea
1078 1164 1236 1219 transmittit
1254 1164 1344 1218 radios
1362 1165 1433 1220 Solis

76 1249 105 1294 et
124 1241 153 1295 in
172 1250 279 1295 tantum
299 1243 458 1312 condensat,
477 1251 508 1299 ut
525 1255 605 1299 urant
617 1252 707 1300 uestes
723 1256 751 1302 et
764 1245 909 1300 incendant
921 1244 1068 1315 puluerem.
1086 1248 1115 1296 at
1127 1243 1300 1296 transmissos
1312 1243 1340 1298 in
1353 1241 1434 1296 alium

10 1357 12 1406 3
76 1319 169 1376 locum
189 1319 321 1388 deflectit;
340 1321 474 1388 margines
492 1337 556 1378 vero
575 1323 667 1378 bullae
684 1325 792 1380 interim
808 1323 965 1392 jaculantur
983 1321 1104 1377 umbram
1124 1335 1201 1375 suam
1218 1319 1301 1374 rectia
1324 1319 1436 1374 lineisa
1496 1312 1498 1321 '

77 1399 151 1455 sote
189 1398 294 1466 Quodsi
315 1413 368 1468 qna
387 1399 458 1456 Solis
481 1401 570 1482 lumen
593 1403 708 1458 transire
734 1409 838 1472 potest,
863 1401 926 1456 iude
948 1400 1025 1454 nulla
1050 1397 1143 1454 defluit
1167 1397 1275 1466 umbra,
1302 1399 1366 1465 quid
1388 1397 1436 1452 fiet

10 1507 13 1520 ›
78 1477 232 1547 eclipsibus
251 1477 353 1548 Lunae,
373 1495 441 1547 quaa
459 1495 541 1548 saepe
560 1479 689 1550 ridemus,
708 1491 824 1551 utroque
842 1480 968 1534 luminari
985 1493 1069 1556 snpra
1086 1476 1253 1532 horizontem
1271 1475 1435 1545 praesente?

10 1585 12 1592 ·
78 1555 221 1612 Tranaivit
239 1556 283 1612 bic
301 1563 392 1612 aerem
409 1570 532 1615 nastrum
546 1559 617 1616 Solis
635 1561 726 1616 lumen
744 1561 887 1630 pergitque
906 1559 986 1614 etiam
1005 1549 1039 1611 a'd
1052 1557 1157 1612 Lunam
1170 1570 1265 1624 usque,
1285 1557 1369 1610 Terra
1382 1571 1435 1608 uon
1471 1569 1472 1576 ¹
1525 1546 1526 1554 ’

77 1635 256 1705 impediente,
274 1637 374 1707 quippe
392 1645 535 1730 utrumque
553 1637 686 1695 luminare
704 1655 787 1711 supra
806 1648 856 1696 est
893 1639 965 1708 auid
982 1638 1063 1707 igitar
1081 1645 1124 1694 cst
1140 1637 1219 1706 illud,
1238 1639 1311 1708 quod
1329 1639 1436 1694 Lunam

10 1731 12 1778 ;
78 1715 196 1769 umbrae
213 1721 282 1776 tunc
298 1716 418 1774 insolvit
437 1717 461 1772 si
480 1717 507 1770 id
525 1734 580 1774 nou
599 1725 642 1774 est
659 1725 705 1774 aar
723 1727 823 1784 noster,
842 1717 992 1788 impediens
1011 1715 1128 1772 directos
1146 1716 1218 1774 Solis
1235 1717 1344 1772 radios?
1373 1717 1436 1770 Non

10 1807 12 1856 j
77 1792 174 1848 abolet
190 1792 276 1863 igitur
291 1793 361 1850 salsa
378 1795 450 1851 Solis
468 1797 573 1866 species
597 1813 646 1866 per
669 1797 760 1854 radios
778 1803 868 1852 adrem
885 1802 1056 1867 permeantes
1075 1803 1102 1850 et
1119 1795 1146 1850 in
1166 1811 1198 1853 eo
1216 1795 1363 1863 retractos,
1382 1808 1437 1848 non

78 1871 175 1927 abolet
192 1871 303 1939 inquam
321 1875 442 1930 umbram
461 1875 531 1931 atris
550 1876 700 1944 terrestris,
718 1892 772 1931 non
790 1877 873 1945 igitur
890 1891 978 1944 neque
995 1871 1100 1930 innuis
1117 1873 1188 1930 atris
1206 1873 1328 1928 umbram
1346 1873 1436 1928 abole-

77 1950 129 2004 bit.
167 1949 285 2004 Tantum
303 1950 385 2022 igitur
403 1953 437 2008 da
454 1956 541 2024 primo
559 1953 613 2012 boc
630 1955 793 2012 documento
810 1955 913 2010 lunaris
932 1953 1010 2010 uaris

186 2028 342 2085 Secundum
364 2033 577 2102 experimentum
601 2034 672 2090 aeris
694 2035 767 2090 circa
784 2035 890 2091 Lanam
914 2033 996 2090 babet
1022 2029 1109 2088 thesis
1129 2030 1189 2088 118.
1223 2031 1303 2086 Luna
1324 2031 1435 2090 bisecta,

77 2106 191 2177 qnando
210 2107 316 2163 stellam
334 2110 453 2180 aliquam
470 2120 564 2181 tegere
581 2113 678 2182 insipit
695 2117 773 2183 parte
791 2113 915 2181 obscura,
933 2127 967 2168 aa
978 2111 1193 2181 propiuscentro
1205 2107 1301 2165 Lunae
1319 2109 1435 2178 ridetur,

76 2201 163 2255 quam
181 2187 325 2256 oppositus
342 2188 440 2246 limbos
458 2190 578 2262 lucidus,
597 2192 693 2262 plena,
712 2193 807 2248 stellas
825 2191 1009 2257 occultatum,
1030 2190 1136 2246 ridetur
1154 2204 1201 2244 aaa
1218 2190 1295 2258 prius
1313 2190 1436 2258 recipere

73 2265 153 2320 iutra
170 2264 343 2335 complexum
366 2267 448 2336 hujus
467 2283 533 2326 suae
551 2271 659 2326 tunicae
677 2270 797 2339 lucidae,
821 2269 991 2339 pelluoeutes
1009 2284 1059 2338 per
1075 2285 1147 2337 aam3
1176 2276 1242 2323 tunc
1265 2267 1371 2322 domurn
1389 2284 1437 2324 eas

74 2353 144 2414 post
162 2359 266 2412 eorpus
283 2345 360 2402 abdit
376 2345 513 2416 planeque
531 2350 608 2418 tegit.
644 2349 683 2404 Et
700 2349 785 2405 habes
803 2349 885 2418 hujus
909 2347 1016 2416 generis
1038 2346 1256 2404 observationem
1274 2345 1360 2401 Tabb.
1379 2347 1435 2402 Ru·

75 2424 174 2494 dolpla
199 2424 341 2493 Praecept.
359 2425 420 2482 133.
440 2441 503 2495 pag.
522 2425 566 2482 94.
585 2430 649 2496 (ιιι.
668 2431 711 2482 vl.
731 2443 755 2494 p.
773 2427 850 2494 401.)
868 2428 896 2481 in
915 2439 951 2495 0(
982 2431 1006 2494 1)
1034 2427 1072 2493 ῼ.
1108 2424 1239 2494 Ejusdem
1262 2424 1369 2492 generis
1391 2429 1435 2484 eet

10 2567 11 2572 η
74 2511 105 2558 οι
124 2511 263 2572 quartum,
281 2504 353 2558 thesi
374 2505 437 2561 150:
450 2541 452 2546 ·
463 2505 537 2574 quod
552 2504 633 2561 Luna
649 2519 777 2566 nascens,
802 2507 910 2576 quando
936 2505 1043 2562 ridetur
1060 2511 1118 2560 ιοιο
1137 2519 1251 2571 corpore
1268 2502 1369 2558 lumine
1386 2502 1435 2556 im·

10 2645 12 2650 ¹
76 2581 172 2638 berilli
190 2593 219 2638 et
237 2583 332 2646 diluto,
348 2584 430 2650 juxta
442 2593 469 2640 et
481 2601 563 2640 corun
582 2601 631 2640 seu
650 2585 706 2640 falx
725 2585 806 2654 clara,
825 2585 897 2653 quod
916 2593 981 2642 tuac
998 2585 1107 2654 inquam
1128 2581 1345 2638 circumferentia
1356 2581 1434 2636 lalcis

10 2677 12 2742 ξ
75 2661 190 2716 lucidae
207 2661 292 2717 multo
311 2661 400 2716 laxior
416 2671 539 2733 apparet,
557 2679 638 2732 quam
657 2662 873 2718 circumferentia
885 2663 1012 2732 opposita
1025 2661 1153 2732 corporis.
1176 2661 1336 2736 Disputator
1348 2667 1435 2730 putat,

11 2807 12 2820 χ
74 2739 184 2794 claram
202 2739 293 2794 lumen
312 2739 389 2795 falcis
408 2757 468 2795 esse
487 2739 520 2795 ab
540 2740 731 2797 aemulabaris
750 2740 939 2811 amplitudine,
958 2740 1031 2796 ultra
1049 2757 1148 2812 corpus
1166 2747 1351 2810 procurrente.
1380 2737 1434 2792 lid-

11 2861 12 2874 ,
71 2817 164 2884 junge
188 2825 217 2869 et
241 2819 363 2886 quintum
388 2819 602 2890 experimentum
625 2836 659 2876 er
679 2819 749 2874 tbesi
766 2821 831 2874 itt:
859 2820 932 2887 quod
951 2819 1046 2874 Lunae
1069 2836 1154 2875 cornu
1178 2834 1314 2888 uunquam
1337 2817 1435 2872 exilius

11 2905 14 2960 ζ
76 2901 211 2948 censetur
229 2897 309 2952 nnius
329 2899 404 2968 digiti
423 2899 579 2966 latitudine,
598 2897 719 2969 quamvis
738 2897 874 2952 interdum
893 2897 987 2952 eodem
1007 2897 1050 2951 die
1069 2909 1096 2952 et
1114 2897 1195 2968 plena
1213 2905 1242 2950 et
1259 2914 1328 2952 nora
1347 2897 1434 2954 cerni·

74 2983 135 3041 tur,
164 2973 317 3030 illuminata
339 2985 417 3046 parte
442 2978 487 3032 rix
506 2979 698 3050 octogesimam
722 2977 846 3031 diametri
869 2984 1028 3045 occupante.
1065 2977 1227 3047 Disputator
1247 2977 1345 3032 iterum
1368 2975 1435 3046 ruit,

11 3073 13 3132 ζ
74 3051 166 3106 rideri
185 3062 251 3106 tnnc
270 3055 388 3108 tunicam
407 3055 477 3110 banc
496 3055 603 3122 aeriam,
623 3063 776 3110 exstantem
796 3055 867 3108 ultra
885 3055 1013 3110 terminos
1027 3055 1157 3124 corporis.

11 3139 12 3144 ’
187 3135 264 3190 llaec
283 3150 333 3205 ego
351 3136 403 3191 tria
421 3135 606 3206 experimenta
628 3153 682 3190 non
706 3134 798 3190 censui
822 3133 920 3188 idonea
945 3133 979 3188 ad
998 3133 1153 3189 testandum
1177 3133 1211 3188 de
1228 3147 1361 3203 procursu
1379 3140 1435 3186 tam

11 3281 13 3294 ,
74 3213 190 3284 prolixo
209 3213 282 3268 ultra
300 3231 399 3285 corpus
418 3215 520 3270 itunae.
553 3217 669 3270 Causam
688 3214 863 3283 apparentiae
882 3214 985 3268 conttrli
1004 3213 1031 3267 in
1049 3221 1173 3268 naturam
1187 3213 1269 3279 visus,
1287 3227 1348 3266 nam
1362 3211 1436 3265 etde

11 3317 13 3360 l
75 3303 165 3350 nocte
184 3293 316 3348 dilatatur
333 3293 439 3362 pupilla
456 3294 527 3349 oculi
545 3301 621 3347 motu
640 3292 757 3350 naturali
775 3292 952 3362 irrumpitque
977 3290 1126 3347 confertior
1147 3291 1195 3344 lux
1212 3289 1307 3360 puncti
1324 3288 1436 3344 risibilis

11 3427 12 3430 ,
75 3372 201 3429 lucentis
219 3372 370 3441 imbuitque
387 3373 443 3428 late
461 3373 572 3442 spiritus
590 3372 705 3428 diarios
722 3371 749 3425 in
769 3370 902 3425 retiiormi
919 3370 1027 3435 tunica,
1047 3378 1075 3423 et
1092 3371 1124 3425 flt
1141 3370 1211 3425 idem
1231 3370 1265 3424 de
1284 3370 1326 3424 die
1345 3369 1436 3438 etiam,

11 3507 17 3526 b
77 3453 166 3507 oculo
184 3451 214 3507 in
233 3452 323 3508 lumen
341 3451 412 3507 forte
430 3453 542 3508 directo.
567 3453 627 3507 lloc
639 3459 719 3521 pacto
733 3448 843 3502 uitiatur
860 3449 967 3519 pictura
984 3447 1129 3503 visibilium
1147 3449 1175 3504 ia
1192 3447 1323 3502 retiiormi
1336 3447 1434 3514 tunica,

76 3531 207 3587 dilatatis
226 3530 349 3600 partibus
366 3531 463 3587 lucidis
482 3540 510 3587 et
527 3531 665 3601 regionem
688 3531 865 3584 obscurorum
888 3529 1114 3584 conterminorum
1138 3526 1341 3600 occupantibus.
1378 3525 1437 3580 Pio·

11 3629 14 3676 ε
77 3619 163 3666 turae
181 3623 247 3664 uero
266 3609 330 3664 huic
347 3609 419 3663 intra
437 3609 543 3665 oculum
562 3610 589 3664 in
608 3608 723 3664 caritate
741 3607 887 3662 retiiormis
906 3607 1076 3663 exactissime
1093 3605 1241 3673 respondet
1258 3621 1292 3659 ex
1311 3603 1438 3674 opposito

11 3693 13 3764 ξ
76 3697 107 3741 et
126 3688 199 3744 risio
218 3689 258 3742 rei
277 3687 389 3742 risibilis
407 3688 550 3745 forinseca.
585 3687 718 3758 Agnoscit
736 3691 764 3741 et
781 3685 852 3740 banc
874 3684 1034 3740 solutionem
1054 3691 1149 3740 auctor
1165 3685 1193 3738 in
1211 3691 1276 3739 nota
1294 3683 1329 3738 ad
1347 3682 1437 3737 thesin

11 3783 13 3786 ·
75 3771 392 3840 retemptatum
411 3768 531 3836 nomine,
551 3783 663 3836 eamque
682 3765 800 3821 declinat
818 3765 964 3832 utcbuque,
983 3771 1111 3818 cattsatus
1130 3762 1223 3816 eadem
1243 3761 1276 3816 de
1295 3762 1338 3818 die
1357 3761 1437 3816 etiarn

75 3849 253 3918 contingere.
290 3849 327 3903 lc
344 3847 380 3918 id,
400 3863 454 3916 quo
473 3863 522 3916 ego
542 3848 673 3902 rationem
693 3845 818 3914 dissolvo,
838 3844 889 3898 etsi
908 3841 941 3896 de
960 3851 1040 3897 nocte
1058 3849 1100 3898 est
1117 3841 1283 3909 evidentius,
1301 3849 1392 3896 tamen
1410 3847 1439 3896 et

12 3945 14 3986 J
74 3930 174 4000 ipsum
193 3925 229 3981 de
246 3926 290 3980 die
307 3927 389 3983 etiam
408 3926 488 3980 valet.

12 3999 14 4072 ζ
191 4005 254 4062 Non
271 4015 362 4060 tamen
380 4006 484 4061 nullum
502 4005 573 4076 binc,
592 4004 751 4096 praesertim
771 4017 805 4056 ex
824 4007 921 4068 quarto
940 4004 967 4051 et
985 3999 1080 4068 quinto
1098 3997 1298 4068 experimentis,
1317 3999 1438 4053 testimo·

12 4129 14 4146 2
76 4087 159 4140 aium
183 4083 321 4153 colligitur
338 4092 391 4152 pro·
406 4088 468 4140 aere
486 4083 582 4139 lunari
609 4085 677 4138 Nam
697 4083 760 4152 quia
778 4080 846 4137 radii
860 4078 931 4134 Solis
950 4094 1011 4133 eum
1028 4084 1171 4134 transeunt
1189 4077 1437 4146 lucidissimumque

12 4153 18 4200 '⁹
74 4165 215 4226 reddunt,
235 4163 288 4218 etsi
304 4163 402 4218 limbus
416 4163 484 4217 alias
496 4162 610 4218 idoneus
621 4167 663 4216 est
674 4161 848 4216 nihilominus
862 4157 897 4212 ad
909 4157 1029 4212 umbram
1042 4158 1245 4228 projiciendam,
1263 4159 1334 4214 idem
1347 4167 1437 4212 tamen

12 4233 15 4248 ⁸
75 4245 214 4301 claritate
232 4242 285 4298 hac
303 4259 353 4298 sua
371 4243 516 4298 combibita
534 4242 707 4296 vehementer
724 4246 813 4296 movet
829 4239 930 4308 visum3
955 4239 1000 4291 cni
1023 4238 1209 4294 vehementiae
1227 4236 1375 4306 respondet
1391 4233 1438 4289 illa

12 4351 14 4386 t
74 4324 179 4393 passio
198 4331 227 4378 et
243 4321 339 4378 tinctio
358 4321 511 4377 diffluens
503 4339 530 4376 tn
548 4319 694 4390 retiiormi,
719 4336 751 4375 ac
772 4317 886 4388 proinde
908 4309 988 4372 etia'm
1013 4316 1145 4386 apparitio
1171 4324 1264 4371 tantae
1286 4312 1437 4370 latitudinis

12 4391 14 4402 '
75 4403 195 4459 lucidae
212 4403 298 4470 partis
316 4403 344 4455 in
363 4417 391 4456 re
409 4401 521 4471 visibili,
540 4415 610 4470 quae
629 4399 681 4454 etsi
698 4415 752 4454 non
771 4397 838 4451 reali
855 4395 1011 4462 latitudine,
1030 4404 1060 4450 at
1076 4393 1142 4449 reali
1161 4395 1252 4462 uigore
1271 4404 1298 4448 et
1316 4391 1438 4448 claritate

77 4497 131 4537 sua
151 4490 292 4536 maturam
310 4481 383 4536 illam
402 4481 496 4537 Lunae
515 4478 690 4535 emersionem
709 4485 845 4534 causatur.
869 4475 956 4532 Non'
949 4491 1059 4544 unquam
1078 4473 1156 4530 lalcis
1175 4473 1255 4528 realis
1272 4469 1425 4528 latitudo
1399 4487 1437 4524 ιι-

76 4559 171 4616 sibilis
191 4570 323 4615 causatur
341 4569 515 4630 apparentem
535 4557 713 4625 latitudinem,
733 4555 810 4624 quasi
829 4554 880 4608 sibi
893 4559 1143 4622 commensuratam,
1163 4549 1210 4606 sed
1228 4551 1308 4605 realis
1328 4549 1437 4604 claritas

78 4649 218 4696 ansatur
236 4639 333 4694 falsam
351 4639 521 4696 latitudinem
540 4647 568 4692 et
586 4637 708 4704 nimiam,
733 4641 847 4705 propter
864 4634 960 4688 fortem
980 4631 1137 4686 tinctionem
1156 4631 1264 4684 tunicae
1281 4625 1438 4686 retisormis.

75 4719 152 4775 Vide
175 4733 248 4788 quae
265 4718 294 4772 in
313 4719 387 4773 hunc
405 4717 513 4772 modum
532 4715 668 4784 disputavi
688 4721 783 4768 contra
801 4711 986 4782 experimenta
1008 4709 1081 4764 haud
1105 4707 1236 4780 absimilia
1254 4706 1365 4762 Doridis
1383 4707 1437 4762 Fa·

76 4797 190 4855 bricii
183 4813 210 4852 tn
228 4797 433 4868 Prolegomenis
451 4793 662 4868 premeridum
680 4807 807 4847 mearum.

133 4891 236 4946 leotari
249 4891 326 4942 opera
339 4888 401 4932 vm.
1213 4875 1231 4938 5
