3398 5426
620 377 792 440 Golieotsnea
809 393 843 436 ex
862 377 1001 440 codicibus
1019 377 1253 441 Politoricosibus.

263 561 293 617 in
317 555 423 617 cneulo
446 557 525 617 orbis
547 557 656 621 Terrae
680 560 835 632 oberraret,
859 569 888 622 st
909 561 987 622 linea
1009 579 1098 641 supra
1121 569 1220 622 notata
1244 563 1272 622 in
1295 557 1477 620 revolutione
1498 575 1611 637 semper

263 647 404 796 puacrpplpplrp
428 656 557 708 maneret
578 650 661 708 initio
679 648 787 709 Arietis
811 659 839 710 et
855 649 961 712 Librae
984 659 1148 748 sitantum
1172 653 1216 710 bia
1240 652 1268 708 in
1290 649 1474 710 revolutione
1490 650 1519 706 iu
1535 646 1611 706 illam

368 821 480 882 Harum
496 840 590 881 rernm
606 826 733 883 omnium
751 842 857 886 carinae
873 825 929 886 hue
944 833 1027 885 sunt:
1056 825 1085 903 1)
1102 823 1152 884 Sol
1171 832 1215 884 εει
1237 825 1266 884 in
1283 831 1380 884 centro
1397 825 1527 883 omnium
1548 820 1612 900 pla·

9 947 54 982 .
263 913 438 970 aerariorum
463 912 575 969 orbium
598 912 757 972 eecrrndum
774 913 927 991 Coporniei
951 913 1144 992 etTycironis
1168 913 1263 972 Bralre
1285 913 1470 981 seutetrtiam.
1511 909 1611 986 ilsu-
1693 935 1694 942 ¹

6 1001 31 1034 ,ι
72 1009 76 1016 ,

266 1002 351 1070 ιιιιιιι,
375 997 462 1058 doris
487 1010 515 1058 et
539 999 641 1058 Martis
665 1001 750 1062 orbes
773 1011 841 1059 sunt
864 1005 1016 1062 eccentrici
1040 1003 1107 1060 iacti
1131 1003 1159 1059 ln
1183 1000 1315 1074 singulus
1337 998 1444 1075 singuli
1468 1001 1610 1072 regiones,
1691 1033 1694 1088 p

264 1096 295 1146 ut
318 1087 539 1146 observationes
562 1095 715 1148 testantur.
761 1089 793 1166 3)
816 1088 875 1148 Sed
898 1089 1006 1166 gradus
1030 1087 1199 1164 inaequales
1221 1097 1298 1159 sunt,
1321 1090 1399 1164 quia,
1423 1087 1475 1146 ubi
1498 1086 1612 1161 longius
1693 1089 1694 1118 ³

172 1221 174 1226 .
263 1173 373 1234 aSole
396 1174 543 1245 recedunt,
567 1176 606 1233 ibi
631 1175 740 1234 tardius
763 1180 875 1236 moveri
899 1194 1018 1238 necesse
1041 1184 1095 1248 est,
1119 1179 1188 1252 quia
1211 1186 1294 1236 actus
1316 1186 1412 1236 motus
1434 1193 1453 1232 a
1476 1173 1546 1232 Sole
1568 1175 1612 1232 eit
1692 1167 1694 1244 J

194 1275 196 1284 ²
265 1261 294 1338 4]
318 1261 375 1321 Via
398 1261 506 1323 Terrae
529 1271 575 1322 est
604 1264 788 1323 comentrico
810 1273 839 1324 et
860 1264 969 1340 gradus
998 1265 1062 1340 ojus
1091 1263 1248 1339 aequales,
1280 1279 1337 1322 non
1360 1263 1398 1322 ad
1422 1263 1613 1326 imitationem

264 1359 395 1418 naturae,
419 1349 469 1408 sed
495 1359 590 1410 tamen
614 1350 652 1409 ed
675 1352 868 1410 imitationem
892 1351 997 1412 calculi
1021 1353 1221 1430 Copernieani.
1268 1351 1320 1410 Est
1341 1359 1437 1412 tamen
1465 1349 1614 1416 nibilomi-
1693 1353 1694 1358 ’

263 1454 318 1495 nus
342 1439 503 1496 eccentrica
526 1436 563 1496 ad
580 1436 687 1509 Solem,
711 1439 844 1514 quiaSoi
870 1442 983 1518 positus
1007 1451 1051 1500 est
1074 1447 1156 1500 extra
1179 1446 1316 1510 centrum,
1341 1447 1373 1497 ut
1392 1454 1483 1514 supra
1496 1438 1613 1498 diuum
1693 1449 1694 1462 ¹

265 1527 299 1600 b)
323 1523 445 1584 Veneris
468 1533 498 1583 et
519 1523 654 1584 Mercurii
678 1528 763 1588 orbes
785 1529 910 1603 geminis
933 1527 1019 1588 lineis
1049 1528 1237 1588 coricentricis
1267 1526 1357 1585 clausi
1385 1535 1468 1598 sunt,
1500 1534 1614 1602 propter

266 1613 384 1672 rrinriam
408 1628 506 1671 eorum
530 1623 627 1671 motus
651 1616 831 1687 varietatem,
855 1633 931 1691 quae
954 1631 1010 1674 non
1035 1623 1132 1693 potest
1154 1631 1204 1692 per
1226 1617 1417 1674 acoentrieutn
1441 1614 1564 1689 exprimi
1587 1613 1614 1670 in
1693 1639 1694 1648 ι

264 1709 323 1758 tam
348 1717 437 1777 parva
460 1704 634 1775 quantitate.
680 1700 788 1760 Notavi
811 1713 909 1762 autom
933 1719 1033 1762 sorum
1062 1718 1225 1781 apogaeum
1249 1711 1279 1760 ot
1301 1703 1469 1778 perigaeum
1494 1702 1522 1756 in
1547 1699 1615 1758 orbe

264 1785 385 1855 Terrae.
415 1791 483 1864 quia
512 1792 585 1846 ratio
615 1806 714 1847 eorum
738 1799 869 1850 motuum
898 1789 934 1848 ad
964 1800 1074 1848 motum
1103 1790 1210 1849 Terrae
1241 1788 1383 1864 quadrare
1412 1807 1431 1846 a
1453 1787 1615 1864 Cepernicu

5 1893 21 1918 r
44 1837 61 1868 γ’
162 1907 164 1914 v
263 1879 408 1937 statuitur.
448 1875 615 1954 etiamad
632 1876 866 1952 regulamuifirta
889 1876 1102 1949 estlaminula,
1126 1894 1202 1953 quae
1225 1874 1491 1953 geminumLunac
1514 1877 1615 1952 epicy·

265 1962 339 2022 olum
364 1973 577 2041 repraesentat,
610 1965 705 2023 itaut
735 1963 835 2040 rqgula
860 1965 961 2024 reluta
983 1968 1021 2025 sit
1045 1967 1134 2024 instar
1157 1965 1236 2024 orbis
1259 1964 1376 2025 lunaris.
1421 1962 1522 2022 Causa
1546 1961 1617 2020 baec

263 2061 316 2118 est,
341 2053 410 2127 quia
429 2050 510 2111 intua
524 2051 644 2111 Terram
668 2051 756 2110 babet
780 2069 830 2129 pro
847 2064 953 2122 centro,
978 2055 1054 2112 sicut
1075 2052 1220 2128 stragula
1244 2053 1384 2123 mucroni,
1407 2049 1518 2112 Terrae
1543 2052 1616 2110 ima·

262 2141 333 2214 gini,
357 2137 506 2200 adhaeret.
552 2140 685 2212 lingitur
708 2149 806 2197 autem
829 2150 888 2198 tam
912 2157 1050 2214 magnus,
1082 2155 1140 2198 nou
1167 2138 1246 2214 quod
1269 2141 1307 2197 sit
1330 2141 1357 2196 in
1388 2145 1470 2198 tanta
1494 2153 1616 2214 propor-
1693 2203 1694 2214 χ

264 2229 342 2286 tione
367 2227 403 2286 ad
428 2236 555 2300 ceteros,
586 2225 636 2286 sed
661 2228 730 2301 quia
754 2227 870 2303 perinde
893 2236 938 2286 εει
960 2231 988 2284 in
1012 2226 1142 2299 theoria,
1174 2229 1238 2285 sive
1262 2243 1384 2294 mannos
1411 2226 1477 2283 sive
1509 2241 1616 2302 paraus
1692 2251 1694 2258 .

263 2313 326 2382 liet,
351 2317 471 2386 etquia
495 2323 554 2372 tam
578 2314 752 2390 pervadari
776 2331 832 2372 non
858 2323 969 2390 potest,
995 2332 1081 2389 quam
1106 2324 1149 2374 cst
1174 2313 1334 2372 in'mundo
1356 2330 1475 2390 pervus.
1523 2312 1618 2370 Debet

265 2405 341 2460 enim
366 2401 434 2478 fingi
459 2401 545 2476 longe
568 2399 690 2472 arctior,
721 2418 808 2476 quarn
832 2411 876 2460 eat
899 2402 1016 2478 regulae
1040 2399 1224 2479 capitellum,
1253 2399 1331 2477 quod
1355 2399 1474 2476 quidem
1499 2416 1616 2474 reprae·
1693 2425 1694 2428 ¹

264 2489 408 2548 sentendo
439 2490 501 2546 orbi
530 2487 623 2546 lunari
648 2496 726 2546 esset
748 2491 948 2565 aptissimum,
977 2491 1003 2548 si
1026 2497 1107 2547 tanta
1130 2492 1261 2566 parvitas
1283 2489 1376 2548 oculis
1400 2489 1509 2546 nostris
1532 2485 1614 2545 suiti-

263 2583 350 2634 ceret.
384 2583 415 2640 tt
430 2574 516 2650 Quod
531 2585 627 2634 autem
645 2575 746 2634 tabula
762 2578 826 2652 ipsa
843 2578 960 2636 mobilis
984 2586 1029 2637 est
1051 2577 1145 2649 iacta,
1176 2575 1204 2634 id
1227 2593 1285 2634 nort
1310 2584 1354 2635 est
1375 2574 1414 2634 ad
1438 2592 1609 2649 repraesen-

264 2662 381 2722 tandam
406 2671 501 2722 motus
526 2663 663 2724 mundani
686 2665 828 2722 rationem
851 2664 1011 2722 secundum
1035 2663 1228 2739 Copernicurn
1252 2667 1338 2737 (saue
1367 2663 1530 2722 secundum
1554 2661 1615 2738 Ty-

264 2751 385 2810 cltonem
412 2749 534 2826 litabo),
566 2751 618 2809 sed
641 2749 722 2819 ideo.
754 2753 823 2826 quia
846 2752 965 2827 perinde
989 2759 1047 2821 εει,
1080 2754 1143 2810 sivo
1169 2768 1267 2810 nrrrcro
1290 2769 1356 2810 curu
1378 2749 1520 2820 andiaco,
1554 2753 1617 2808 sire

263 2838 365 2898 tabula
394 2837 445 2896 fiat
468 2838 594 2900 mobilis.
639 2836 759 2915 Semper
787 2841 863 2896 enim
887 2856 1002 2908 nrnoro,
1032 2841 1130 2912 imago
1153 2839 1275 2909 Terrae,
1307 2856 1358 2915 per
1385 2839 1486 2896 orbern
1511 2836 1618 2897 Terrae

266 2929 406 2986 circumit.
454 2926 555 2984 Motus
578 2933 676 2984 autern
701 2935 780 2984 totus
803 2925 852 2984 ille
877 2926 942 2985 ideo
966 2925 1128 3002 perficitur,
1158 2937 1190 2984 ut
1212 2926 1302 2985 Terra
1326 2927 1417 2986 sitin
1442 2933 1545 2984 centro
1568 2940 1620 2982 so·

161 3051 162 3054 =
264 3013 353 3085 diaci,
385 3016 461 3071 siout
484 3015 511 3070 in
537 3012 644 3076 mundo
668 3023 725 3086 eat,
754 3030 811 3070 non
835 3013 951 3089 quidem
974 3012 1012 3073 ad
1036 3015 1076 3072 rei
1101 3016 1269 3085 veritatem,
1292 3013 1344 3072 sed
1368 3021 1464 3072 tamen
1488 3010 1528 3072 ad
1552 3028 1619 3070 aen-
1693 3005 1694 3018 ¹

263 3118 327 3164 sum
351 3104 379 3158 in
404 3101 467 3176 ejus
491 3110 604 3172 ceretro,
636 3101 705 3174 quia
737 3107 815 3158 totus
839 3105 917 3162 orbis
940 3101 1047 3161 Terrae
1077 3103 1175 3178 puncti
1206 3103 1296 3160 instar
1322 3109 1376 3160 est
1422 3098 1508 3158 Haec
1532 3116 1621 3160 causa

265 3198 361 3248 motus
386 3190 414 3244 ιιι
438 3187 549 3247 tabula.
596 3188 690 3246 Ceteri
714 3196 811 3247 motus
833 3206 933 3248 omnes
955 3206 1007 3264 per
1030 3189 1259 3246 nunrsrationcrn
1283 3187 1480 3264 perficiuntur.
1521 3185 1621 3246 Gens·

263 3275 362 3335 taliter
384 3293 412 3332 n.
436 3276 601 3350 tenendum,
625 3291 762 3350 quorsum
787 3272 1026 3335 ducentesimari
1052 3278 1123 3350 ipsi,
1148 3292 1262 3334 eorsum
1279 3292 1381 3334 omnes
1403 3273 1550 3349 planetas.
1576 3277 1620 3350 ip·

264 3382 327 3422 sam
356 3365 444 3422 etiarn
468 3362 586 3420 Terram
618 3364 726 3420 moveri
759 3371 789 3420 ει
816 3366 891 3422 circa
914 3363 1032 3422 Terram
1057 3363 1170 3422 lionam
1202 3373 1231 3424 et
1261 3367 1288 3422 in
1321 3366 1385 3438 ipso
1415 3363 1486 3420 orbe
1520 3361 1620 3421 lennao
1693 3425 1694 3434 ἱ

265 3453 360 3526 ipsunt
384 3451 505 3526 globum
528 3449 636 3508 Terrae
659 3467 713 3507 soa
735 3448 838 3525 diurna
861 3449 1051 3510 revolutione.
1099 3450 1376 3525 Quantitaseutem
1403 3451 1468 3510 sive
1492 3458 1619 3523 tempus,
1693 3513 1694 3518 .

265 3537 344 3613 qnod
375 3537 579 3598 circumeundo
608 3535 730 3613 quilibet
760 3538 890 3613 coniicit,
921 3556 956 3598 ex
984 3537 1093 3598 tabulis
1123 3538 1160 3598 ad
1190 3537 1246 3598 boo
1275 3539 1360 3598 iactis
1390 3546 1433 3597 est
1463 3537 1619 3614 capienda.
1693 3585 1694 3588 ι

264 3623 350 3686 Unda
369 3626 432 3702 jam
455 3629 587 3702 sequitur

730 3766 925 3837 uxptteatto
949 3765 1165 3824 Tabularum.

369 3885 441 3944 Tres
463 3893 532 3949 sunt
553 3886 717 3948 iabtrlarom
741 3895 848 3963 partes.
881 3887 911 3944 ln
929 3889 1020 3962 prima
1036 3895 1173 3948 notantur
1189 3884 1371 3962 planetarum
1393 3884 1460 3946 loca
1476 3885 1515 3946 ab
1539 3887 1621 3946 initio

265 3977 333 4035 anni
360 3979 441 4033 1500
465 3973 502 4034 ad
527 3976 607 4032 initia
629 3991 770 4033 annorum
794 3979 855 4033 200
880 3974 916 4031 ad
940 3992 1049 4032 annum
1073 3981 1170 4045 1700,
1197 3976 1246 4049 qui
1270 3973 1378 4049 singuli
1402 3972 1440 4032 ad
1464 3972 1543 4032 latrrs
1566 3973 1620 4032 ad·
1692 4039 1693 4048 χ

265 4064 364 4140 scripti
387 4070 464 4118 sunt.
509 4059 592 4120 Haec
616 4063 698 4121 initia
720 4070 789 4122 sunt
812 4065 840 4118 in
864 4061 960 4121 media
992 4069 1077 4121 nocte
1100 4061 1290 4122 antecedente
1313 4063 1437 4136 primunt
1462 4059 1541 4122 diam
1562 4059 1618 4122 Ja-

264 4153 359 4210 nrrarii
383 4147 451 4206 stilo
477 4158 534 4207 vet.
580 4149 652 4208 Post
681 4148 761 4211 ilium
790 4167 897 4207 annrtm
929 4155 1020 4208 1700.
1045 4157 1081 4209 st.
1108 4167 1135 4208 v.
1160 4159 1189 4208 et
1211 4156 1247 4208 st.
1271 4166 1300 4206 n.
1325 4148 1527 4223 Gregorienus
1559 4147 1620 4210 dte·
1692 4149 1694 4230 j

266 4237 427 4312 crepabunt
442 4234 545 4294 diebus
565 4241 612 4308 11,
638 4239 685 4312 qui
706 4237 768 4310 jam
793 4245 904 4296 tanturn
925 4243 962 4296 10
979 4235 1152 4312 discrepant.
1184 4235 1363 4296 insecundo
1386 4247 1468 4312 parte
1484 4244 1621 4295 notantur

266 4335 362 4386 motus
385 4323 568 4399 planetarum
592 4326 630 4382 ab
654 4325 737 4382 initio
760 4325 828 4382 anni
851 4324 887 4382 ad
913 4325 995 4382 initia
1018 4324 1128 4384 diarum
1152 4325 1242 4382 totius
1272 4327 1341 4382 anni
1372 4333 1431 4382 tam
1461 4323 1620 4383 bissextilis
1691 4367 1694 4390 ,

266 4431 354 4490 quam
379 4409 540 4470 eommunis
565 4418 601 4472 st.
620 4429 661 4479 r.‚
685 4412 733 4486 qui
759 4409 896 4486 adscripti
920 4409 1047 4470 suntad
1071 4411 1166 4482 lutus;
1190 4411 1305 4470 initium
1329 4419 1427 4471 autem
1452 4409 1510 4470 diei
1535 4411 1621 4468 civile

221 4575 223 4578 Ι
267 4507 310 4562 eat
334 4503 361 4556 in
385 4497 481 4557 media
504 4507 589 4556 nocte
613 4495 803 4564 antecedente
825 4496 902 4556 diem
929 4500 1120 4558 nominatum.
1157 4496 1259 4558 Habet
1282 4507 1379 4560 autem
1402 4505 1526 4572 uterque
1551 4496 1621 4556 ortlo

268 4585 378 4644 dierum
402 4587 429 4642 in
453 4586 546 4645 ironts
571 4585 690 4643 tabulae
712 4601 797 4643 suurn
821 4584 946 4658 titulum,
970 4602 1122 4661 perquem
1139 4587 1206 4645 sciri
1223 4591 1328 4662 potest,
1352 4603 1389 4646 an
1413 4587 1452 4642 sit
1475 4585 1539 4644 dies
1554 4586 1621 4644 anni
1693 4639 1694 4642 ,

268 4676 428 4732 communis
462 4690 497 4733 an
522 4675 590 4732 anni
614 4673 743 4730 bissexti.
788 4670 821 4729 ln
850 4674 936 4729 tertia
965 4680 1046 4748 parte
1077 4681 1216 4730 notantur
1246 4683 1343 4732 motus
1372 4671 1556 4748 planetarum
1583 4673 1620 4734 ab

270 4762 352 4817 initio
377 4759 433 4817 diei
458 4762 521 4818 sive
545 4777 563 4818 a
585 4759 682 4820 media
709 4767 794 4819 nocte
826 4759 1016 4820 antecedente
1046 4758 1084 4821 ad
1106 4761 1241 4836 singulos
1272 4760 1409 4822 horarum
1443 4761 1621 4838 quadrantes

269 4856 337 4908 eote
359 4855 388 4908 et
409 4853 476 4924 post
499 4845 658 4908 meridiem.
1693 4859 1694 4862 ’
