3436 5416
288 269 353 340 154
643 277 818 340 Collectunes
835 301 868 340 er
887 283 1025 342 codicibus
1044 285 1280 345 Pulloriensrbue.

392 453 473 518 Haec
495 459 585 536 probe
608 427 738 524 notendo
759 471 840 540 eunt,
863 483 1002 543 magorum
1023 467 1101 528 enim
1123 465 1329 526 habeattuuer
1349 467 1382 526 iu
1402 461 1634 524 mathematicirt

286 545 355 602 sunt
383 545 460 606 enim
488 545 606 623 sliquee
637 555 815 626 quantitates
846 554 883 614 ud
914 557 1037 614 invicem
1069 553 1227 634 ejusmodi,
1258 561 1293 614 ut
1318 570 1370 612 ese
1396 551 1481 612 uuile
1510 557 1635 626 cogneis

286 632 436 702 quantitas
458 633 540 694 nullo
564 654 683 698 numero
707 642 737 703 in
759 640 903 701 infinitum
927 659 1020 718 usque
1043 646 1193 716 metietur,
1224 659 1299 718 quea
1319 658 1375 700 nos
1397 649 1482 700 tanto
1506 637 1635 713 exquisi-

230 751 239 774 .
287 718 345 776 tius
367 736 482 796 semper
504 725 656 799 metimur,
688 745 747 803 quo
775 728 892 805 longius
916 731 1073 790 bisecendo
1100 733 1246 808 progressi
1268 729 1414 790 fuerimus.
1459 725 1517 786 His
1541 735 1636 784 autem

284 806 375 879 probe
397 813 542 886 perceptis
563 814 658 873 minus
677 815 741 890 jum
764 833 817 876 nos
840 819 978 892 turbabit,
1000 818 1080 894 quod
1102 815 1293 895 philosophus
1317 815 1384 892 (ill.
1400 815 1455 874 Pir.
1476 813 1518 892 7.)
1541 812 1637 872 infini-

261 897 347 950 'tum
371 895 399 952 in
424 900 556 971 potentis
576 918 628 976 per
650 903 844 978 additionem,
872 905 953 981 quod
975 921 1095 966 numero
1123 911 1287 980 competere
1315 904 1457 974 diximus,
1490 901 1637 976 qm*

285 979 372 1040 modo
395 985 483 1044 etism
506 988 534 1044 iu
556 990 786 1065 magnitudinem
801 992 937 1065 admittit,
959 993 1012 1052 sed
1027 997 1075 1066 ita,
1100 1001 1133 1053 ut
1155 991 1226 1052 illud
1249 990 1474 1052 additionarium
1502 989 1583 1048 idem
1603 989 1637 1046 sit

285 1067 344 1128 iere
367 1087 432 1130 cum
456 1071 596 1135 divisorio
618 1085 647 1138 et
669 1077 755 1138 simul
777 1079 837 1154 liat,
861 1097 1003 1140 converso
1026 1089 1121 1140 tamen
1145 1079 1241 1140 mode.

390 1157 464 1220 Num
487 1179 547 1236 qus
569 1169 755 1242 proportione
778 1177 893 1228 secetur
915 1171 1063 1244 quantitas
1086 1168 1202 1244 alique,
1232 1175 1304 1244 puta
1333 1163 1446 1242 pedalis
1475 1163 1579 1236 lines,
1608 1162 1635 1218 in

285 1244 444 1320 particulos
465 1248 601 1324 infinitus,
624 1257 648 1312 si
664 1254 765 1316 eudem
786 1259 972 1333 proportione
994 1257 1070 1316 alius
1085 1257 1231 1334 quispiam
1252 1254 1409 1331 particulas
1431 1267 1551 1310 rursmn
1575 1246 1636 1308 col·

285 1331 375 1406 liget,
406 1351 554 1410 nunquam
577 1347 670 1400 totum
692 1345 841 1417 restituet,
871 1346 942 1419 quis
969 1361 1083 1420 semper
1114 1352 1226 1404 tuntum
1249 1342 1345 1402 udhuo
1367 1339 1459 1412 desit,
1492 1345 1636 1414 quantum

286 1421 336 1494 qui
359 1418 463 1480 dividit
485 1423 581 1488 adhuc
602 1428 693 1490 habet
714 1432 769 1490 suh
791 1432 934 1492 munibus.
967 1432 1085 1492 Dirisor
1106 1432 1194 1492 iaciat
1213 1439 1309 1506 partes
1326 1435 1354 1501 2,
1378 1427 1523 1488 collector
1538 1428 1637 1498 itaque

286 1505 436 1568 dimidium
457 1511 541 1586 pedis
565 1518 679 1591 accipit,
703 1517 813 1578 divisor
832 1536 945 1578 rursum
969 1538 1004 1580 ex
1027 1536 1081 1579 ruo
1097 1518 1216 1578 dimidio
1232 1519 1321 1578 iaciat
1342 1524 1439 1591 pertas
1457 1521 1487 1586 S,
1513 1529 1637 1588 quarum

247 1629 249 1644 .
286 1609 373 1654 unum
391 1596 528 1660 collector
543 1605 668 1678 accipiet
683 1603 863 1681 habebitque
878 1607 1015 1668 collector
1030 1606 1060 1690 ᾖ,
1084 1605 1193 1666 divisor
1210 1606 1237 1686 l.
1277 1603 1412 1679 Amliflflss
1426 1619 1464 1662 ⁰¹
1482 1601 1504 1684 l
1520 1597 1637 1681 ΕΜ*

286 1699 374 1742 unum
396 1683 476 1760 legst
498 1687 649 1763 collector,
673 1693 836 1778 restsbitq¹3
858 1693 993 1766 divisori,
1025 1694 1162 1754 collector
1187 1709 1254 1751 vero
1277 1691 1399 1751 hebebit
1421 1697 1541 1748 tuntuar
1563 1687 1587 1772 ᾖ
1608 1699 1637 1746 et

285 1771 327 1830 uic
350 1771 378 1828 in
403 1773 546 1834 inlinitum
569 1794 678 1853 usque,
711 1788 743 1838 ut
765 1782 806 1839 ita
828 1781 913 1840 simul
936 1782 988 1842 fiet
1010 1782 1084 1842 hsec
1106 1779 1217 1840 additio
1241 1789 1270 1838 et
1292 1779 1399 1838 divisio
1422 1785 1452 1836 ct
1475 1778 1508 1834 in
1534 1773 1637 1836 eudem

285 1863 481 1934 proportione.
528 1862 569 1924 Αι
590 1866 615 1924 si
638 1865 680 1924 ita
702 1871 917 1944 proportionem
940 1868 1097 1945 adaugeat,
1120 1876 1153 1928 ut
1174 1883 1289 1943 semper
1311 1863 1434 1925 eandem
1458 1862 1639 1940 particulam

284 1955 381 2006 sumat
404 1954 433 2008 et
454 1947 559 2024 sddst,
582 1954 744 2028 permeahit
765 1955 895 2029 tandem,
924 1958 995 2032 quis
1017 1972 1102 2016 omne
1124 1953 1235 2014 linitum
1259 1954 1447 2030 quantumvis
1471 1953 1638 2009 maximnm

283 2034 398 2092 absumi
425 2044 524 2111 potest
553 2038 670 2100 tandem
699 2058 873 2119 quocunque
896 2041 993 2116 linito,
1026 2043 1215 2120 quantumvis
1245 2043 1373 2098 minimo·
1418 2039 1457 2097 Et
1479 2041 1526 2097 ⁸1⁰
1550 2039 1640 2096 ⁰5³¹!

283 2138 334 2196 per
356 2119 537 2185 additionem
563 2126 707 2188 inlinitum
732 2132 761 2188 in
783 2133 914 2206 potentie
937 2130 1035 2204 datur,
1064 2128 1144 2206 quod
1167 2127 1244 2188 idenr
1267 2124 1486 2203 quodamnodo
1512 2124 1639 2184 elicimus

283 2223 348 2268 cum
372 2208 510 2273 divisore.
555 2211 675 2292 Semper
696 2217 773 2276 eninr
796 2217 908 2294 aliquid
929 2227 1011 2278 extra
1032 2219 1107 2278 stimi
1130 2223 1237 2294 potest.
1274 2214 1425 2275 Hactenus
1448 2212 1640 2272 Aristoteles.

284 2295 331 2352 Ad
354 2313 477 2372 quorum
502 2299 655 2362 verborum
678 2303 904 2378 explicationem
926 2305 999 2366 huec
1020 2305 1113 2365 addo:
1136 2306 1289 2382 proposita
1310 2303 1349 2362 sit
1364 2301 1481 2360 duobus
1506 2301 1640 2360 homini·

285 2383 338 2442 bus
361 2381 494 2460 (divisori
517 2393 547 2448 et
570 2388 730 2466 collectori)
752 2409 799 2452 ree
822 2393 931 2468 eliqua,
955 2409 1074 2452 numero
1099 2399 1138 2452 64
1162 2399 1277 2463 notata,
1308 2405 1397 2466 quam
1418 2390 1535 2464 primus
1560 2386 1641 2444 diri-

284 2467 335 2526 det
362 2472 391 2528 in
422 2473 602 2548 iusquuliu
629 2485 801 2553 partemque
828 2478 948 2540 alteram
979 2487 1017 2538 32
1048 2479 1133 2538 cedat
1166 2477 1327 2549 collectori,
1367 2477 1492 2536 alteram
1523 2489 1641 2533 rursum

283 2555 401 2630 bisscet,
424 2567 453 2618 et
468 2567 579 2634 partem
603 2564 773 2625 bisectionis
798 2571 836 2626 16
853 2566 939 2628 cedat
960 2566 1117 2638 collectori,
1140 2563 1253 2642 reliqua
1280 2572 1317 2624 16
1341 2564 1452 2622 hlsecst
1477 2571 1507 2622 et
1524 2568 1642 2637 partem

282 2659 380 2715 unum,
403 2661 444 2708 su
468 2652 501 2718 8,
525 2648 610 2710 cedat
631 2651 796 2726 collectori,
828 2656 922 2714 sicin
946 2654 1090 2714 inlinitum
1120 2663 1223 2730 perget
1246 2650 1405 2712 bisecsndo
1427 2655 1458 2710 et
1481 2647 1643 2707 dimidium

283 2728 429 2792 collectori
453 2733 592 2796 cedendo.
639 2739 728 2812 Dico,
759 2741 837 2816 quod
868 2742 1005 2802 collector
1032 2757 1182 2816 nunquam
1212 2740 1396 2800 contenturos
1418 2739 1459 2796 sit
1481 2739 1644 2812 pristinam

281 2833 425 2878 summam
449 2827 490 2882 et
514 2830 544 2881 et
565 2831 663 2885 tumen
686 2845 801 2904 semper
822 2831 942 2904 propius
965 2827 1002 2888 ud
1025 2827 1105 2886 illum
1122 2844 1304 2888 accessurus.
1335 2825 1456 2900 Semper
1473 2826 1557 2884 euim
1573 2833 1643 2882 tan·

283 2910 343 2962 turn
367 2904 408 2964 illi
433 2907 527 2969 deerit
547 2911 586 2970 ad
608 2931 752 2974 summum
781 2915 998 2992 complendam,
1031 2923 1171 2990 quantum
1194 2913 1307 2972 divisor
1336 2912 1428 2972 lrahct
1453 2910 1559 2970 adhuc
1586 2911 1643 2970 suh

282 2993 426 3053 manibus.
458 2995 494 3054 Fr
517 2996 591 3058 haec
614 2999 650 3061 de
673 3001 786 3061 infinito
808 3004 837 3060 in
860 3005 1001 3079 potentis.
1032 3001 1131 3061 Possit
1145 3009 1242 3060 eutem
1257 3001 1347 3077 objici
1371 3007 1472 3060 contra
1494 2997 1534 3071 id,
1560 2997 1645 3073 quod

283 3077 418 3154 diximus,
443 3083 585 3144 infinitam
607 3089 839 3164 magnitudinem
861 3107 920 3149 uun
943 3106 1007 3150 esse
1030 3087 1188 3150 secuudum
1217 3088 1413 3160 additionem,
1446 3088 1491 3144 sic
1515 3093 1550 3144 ut
1573 3097 1644 3144 ectu

282 3167 347 3241 ipso
371 3184 472 3228 versus
495 3172 672 3236 incrementa
694 3176 812 3252 aequuli
834 3195 923 3253 passu
946 3179 1088 3252 permeari
1110 3193 1168 3234 non
1191 3178 1293 3250 possit.
1337 3175 1414 3234 Nam
1436 3173 1644 3232 mathematici

282 3254 310 3310 iu
336 3253 617 3318 demonstretionum
640 3273 784 3339 apparatu
807 3265 908 3324 crebro
928 3264 1033 3338 jubent
1055 3263 1116 3323 lieri
1138 3262 1281 3322 infinitam
1308 3265 1434 3333 lineum,
1466 3260 1552 3336 quod
1582 3277 1643 3318 non

281 3341 447 3417 intelligunt
469 3344 506 3404 de
528 3350 667 3422 sectione,
690 3351 741 3409 sed
766 3351 845 3411 dein
862 3351 980 3424 longum
1004 3349 1167 3422 eductione,
1190 3353 1234 3410 sic
1250 3359 1282 3408 ut
1305 3351 1459 3410 terminum
1483 3367 1520 3406 es
1546 3347 1644 3406 altera

280 3435 362 3502 perte
385 3447 443 3490 non
466 3432 583 3494 babeat
628 3435 798 3513 Respondet
822 3437 994 3499 Aristoteles
1017 3435 1082 3516 (ΙΙΙ.
1098 3436 1153 3499 Ph.
1171 3436 1224 3512 ib:
1248 3453 1344 3512 neque
1367 3435 1521 3512 postulare
1538 3453 1594 3494 eoa
1609 3452 1643 3492 ra

280 3533 351 3574 vers
373 3518 416 3576 sic
438 3518 598 3594 infinitam,
628 3531 661 3582 ut
682 3526 823 3599 permeeri
853 3542 912 3584 non
935 3525 1042 3604 possit,
1073 3541 1168 3597 neque
1195 3527 1283 3584 etiarn
1312 3522 1457 3600 ejusmodi
1490 3521 1641 3580 infinitam

279 3604 352 3679 ipsis
374 3621 441 3665 esse
463 3605 565 3668 utilem
588 3607 625 3666 ud
648 3609 929 3685 demonstrationes,
962 3609 1013 3672 sed
1036 3611 1093 3670 hoc
1115 3611 1219 3670 ιιΙιιιιιι
1241 3612 1405 3688 postulare,
1436 3616 1471 3670 ut
1493 3611 1535 3667 sit
1559 3609 1643 3668 lines

279 3687 389 3765 eliqua,
413 3703 553 3770 queniam
575 3697 632 3772 ipsi
655 3698 748 3758 velint
769 3707 799 3760 st
820 3708 908 3776 prout
929 3716 1000 3760 usos
1023 3697 1279 3760 demonstrationis
1300 3699 1441 3775 postulet.
1489 3697 1558 3756 Non
1583 3711 1643 3773 pu·

279 3776 371 3838 stulst
393 3788 492 3842 eutem
515 3791 582 3844 ectu
606 3784 758 3847 inlinitum.

866 3967 981 4053 Caput
1010 3963 1042 4033 i.

715 4103 766 4160 lie
787 4101 897 4172 Puris,
920 4103 1007 4160 ‘roto
1029 4105 1063 4158 st
1085 4101 1192 4158 omni

385 4219 458 4276 Cum
483 4230 625 4294 quantum
648 4220 677 4277 id
700 4224 755 4292 sit,
779 4220 858 4295 quod
882 4228 927 4280 est
949 4218 1111 4290 dividuum,
1136 4220 1257 4278 habebit
1279 4222 1368 4295 igitur
1389 4230 1491 4296 partes
1514 4231 1546 4281 et
1570 4226 1643 4298 qui·

276 4305 358 4378 dem,
389 4315 421 4364 ut
438 4307 501 4382 jam
523 4306 705 4378 andivimus,
735 4308 825 4367 habet
847 4305 1019 4380 magnitudo
1049 4306 1186 4379 infinitas,
1215 4309 1280 4365 sive
1307 4315 1382 4384 quot
1404 4311 1474 4383 quit
1498 4309 1640 4368 voluerit.
1709 4345 1716 4364 ·.

277 4392 434 4454 Sciendum
457 4396 565 4468 ituque,
589 4395 659 4469 quid
682 4411 750 4470 pars
772 4397 819 4453 siu
863 4394 938 4452 Nem
961 4397 1016 4452 etsi
1039 4392 1128 4452 Xlli.
1145 4393 1216 4453 Met.
1240 4411 1265 4454 c.
1283 4399 1312 4454 3.
1336 4405 1426 4471 neget
1450 4395 1641 4466 Aristoteles,

278 4499 296 4537 s
317 4489 467 4556 geometra
489 4489 566 4540 recte
589 4480 759 4556 hujusmodi
784 4498 870 4540 socos
893 4479 1077 4552 considerari,
1100 4483 1156 4539 nisi
1179 4497 1215 4539 ex
1239 4481 1398 4559 hypothesi
1422 4482 1464 4560 (h.
1482 4500 1510 4542 e.
1534 4483 1595 4542 nisi
1609 4493 1643 4541 ut
1714 4495 1716 4566 ξ

275 4565 328 4624 illa
350 4575 491 4643 tuuqusm
522 4575 599 4627 ceris
629 4577 658 4628 st
688 4576 759 4628 note
786 4570 1032 4644 praesupponet),
1062 4584 1116 4627 nos
1145 4576 1242 4628 umen
1267 4570 1325 4630 hou
1352 4572 1447 4645 primo
1472 4569 1580 4630 libello
1603 4569 1642 4630 de
1714 4573 1716 4646 ἶ

277 4655 492 4728 quantitatibus
514 4657 630 4731 agimus
652 4657 681 4712 in
696 4672 811 4730 genere.
840 4655 974 4714 Refertur
997 4661 1094 4714 autem
1111 4654 1186 4716 haec
1202 4673 1259 4716 ror
1284 4659 1358 4716 inter
1381 4658 1642 4718 transscendentia
1714 4649 1716 4710 ἐ

277 4749 307 4797 et
328 4748 373 4800 est
395 4745 556 4802 communis
583 4740 685 4803 multis
707 4758 800 4802 rerum
830 4742 994 4818 meroribus.
1039 4741 1171 4820 Cumque
1200 4743 1258 4806 hoc
1278 4753 1369 4822 pacto
1397 4746 1437 4806 sit
1456 4747 1641 4822 noluopuoe,
1713 4765 1715 4796 ²
